@article{Andrasfai1986,
  title={R\'{o}zsa (Rosa) P\'{e}ter},
  author={Andr\'{a}sfai, B\'{e}la},
  journal={Periodica Polytechnica Electrical Engineering},
  volume={30},
  number={2-3},
  pages={139--145},
  year={1986}
}

@misc{Aspray1984,
  author =	 {Aspray, William},
  title =	 {The {P}rinceton Mathematics Community in the 1930s:
                  {A}lonzo {C}hurch},
  year =	 1984,
  note =	 {interview},
  url =
                  {http://www.princeton.edu/mudd/finding_aids/mathoral/pmc05.htm}
}

@book{Baaz2011,
  title =	 {Kurt G{\"{o}}del and the Foundations of Mathematics:
                  Horizons of Truth},
  author =	 {Baaz, Matthias and Papadimitriou, Christos H. and
                  Putnam, Hilary W. and Scott, Dana S. and Harper Jr.,
                  Charles L.},
  year =	 2011,
  publisher =	 {Cambridge University Press},
  address =	 {Cambridge}
}

@article{bailey2006,
Author = {Bailey, Ellen},
Journal = {Rózsa Péter},
Title = {Rózsa Péter},
URL = {http://ezproxy.lib.ucalgary.ca/login?url=http://search.ebscohost.com/login.aspx?direct=true&db=sch&AN=20916042&site=ehost-live},
Year = {2006},
}

@Article{Church1936,
  author =	 {Alonzo Church},
  title =	 {A note on the {E}ntscheidungsproblem},
  journal =	 {Journal of Symbolic Logic},
  year =	 1936,
  volume =	 1,
  pages =	 {40--41}
}

@Article{Church1936a,
  title =	 {An Unsolvable Problem of Elementary Number Theory},
  author =	 {Alonzo Church},
  journal =	 {American Journal of Mathematics},
  Volume =	 58,
  year =	 1936,
  pages =	 {345--363}
}

@misc{Csicsery2016,
  author =	 {Csicsery, George},
  title =	 {Zala Films: Julia Robinson and Hilbert's Tenth Problem},
  year =	 2016,
  url =		 {http://www.zalafilms.com/films/juliarobinson.html}
}

@book{Dauben1990,
  title =	 {{G}eorg {C}antor: {H}is {M}athematics and
                  {P}hilosophy of the {I}nfinite},
  author =	 {Dauben, Joseph},
  year =	 1990,
  publisher =	 {Princeton University Press},
  address =	 {Princeton}
}

@article{Dauben2004,
  title =	 {{G}eorg {C}antor and the Battle for Transfinite Set
                  Theory},
  author =	 {Dauben, Joseph},
  year =	 2004,
  journal =	 {Journal of the ACMS},
  volume =	 1,
  pages =	 {1--17}
}

@book{Dawson1997,
  title =	 {Logical Dilemmas: The Life and Work of Kurt
                  G{\"{o}}del},
  author =	 {Dawson Jr, John},
  year =	 1997,
  publisher =	 {CRC Press},
  address =	 {Boca Raton}
}

@book{Dick1981,
  title =	 {Emmy {N}oether 1882--1935},
  author =	 {Dick, Auguste},
  year =	 1981,
  publisher =	 {Birkh\"{a}user},
  address =	 {Boston}
}

@misc{Duncan2015,
  author =	 {Duncan, Arlene},
  title =	 {The {B}ertrand {R}ussell {R}esearch {C}entre},
  year =	 2015,
  url =		 {http://russell.mcmaster.ca/}
}

@book{Ebbinghaus2010,
  title =	 {Ernst Zermelo. Collected Works},
  volume =	 1,
  author =	 {Ebbinghaus, Heinz-Dieter and Fraser, Craig G. and
                  Kanamori, Akihiro},
  year =	 2010,
  publisher =	 {Springer-Verlag},
  address =	 {Berlin}
}

@book{Ebbinghaus2013,
  title =	 {Ernst Zermelo: Collected Works},
  volume =	 2,
  author =	 {Ebbinghaus, Heinz-Dieter and Kanamori, Akihiro},
  year =	 2013,
  publisher =	 {Springer-Verlag},
  address =	 {Berlin}
}

@book{Ebbinghaus2015,
  title =	 {Ernst {Z}ermelo: {A}n {A}pproach to his {L}ife and
                  {W}ork},
  author =	 {Ebbinghaus, Heinz-Dieter},
  year =	 2015,
  publisher =	 {Springer-Verlag},
  address =	 {Berlin}
}

@Book{EndertonND,
  title =	 {{A}lonzo {C}hurch: {L}ife and {W}ork},
  author =	 {Herbert B. Enderton},
  publisher =	 {MIT Press},
  year =	 {N.D.},
  address =	 {Cambridge}
}

@incollection{Feferman1996,
  author =	 {Feferman, Solomon},
  year =	 1996,
  title =	 {Julia Bowman Robinson},
  booktitle=    {The Collected Works of Julia Robinson}
  publisher =	 {American Mathematical Society},
  address =	 {Providence}
}

@book{Feferman2004,
  title =	 {Alfred Tarski: Life and Logic},
  author =	 {Feferman, Anita and Feferman, Solomon},
  year =	 2004,
  publisher =	 {Cambridge University Press},
  address =	 {Cambridge}
}

@misc{Frey2015,
  author =	 {Frey, Holly and Wilson, Tracy V.},
  title =	 {Stuff you {M}issed in {H}istory {C}lass: {E}mmy
                  {N}oether, {M}athematics {T}railblazer},
  year =	 2015,
  note =	 {Podcast audio},
  url =
                  {http://www.missedinhistory.com/podcasts/emmy-noether-mathematics-trailblazer/}
}

@Article{Gentzen1935a,
  author =	 {Gerhard Gentzen},
  year =	 1935,
  title =	 {Untersuchungen \"uber das logische {S}chlie\ss en
                  {I}},
  journal =	 {Mathe\-mati\-sche Zeit\-schrift},
  volume =	 39,
  issue =	 1,
  pages =	 {176--210},
  note =	 {{E}nglish translation in \cite{Gentzen1969},
                  pp.~68--131},
  doi =		 {10.1007/BF01201353}
}

@Article{Gentzen1935b,
  author =	 {Gerhard Gentzen},
  year =	 1935,
  title =	 {Untersuchungen \"uber das logische {S}chlie\ss en
                  {II}},
  journal =	 {Mathe\-mati\-sche Zeit\-schrift},
  volume =	 39,
  issue =	 1,
  pages =	 {176--210, 405--431},
  note =	 {{E}nglish translation in \cite{Gentzen1969},
                  pp.~68--131},
  doi =		 {10.1007/BF01201363}
}

@Book{Gentzen1969,
  author =	 {Szabo, M. E.},
  year =	 1969,
  title =	 {The Collected Papers of {G}erhard {G}entzen},
  booktitle =	 {The Collected Papers of {G}erhard {G}entzen},
  publisher =	 {North-Holland},
  address =	 {Amsterdam}
}

@PHDTHESIS{Godel1929,
  author =	 {Kurt G{\"{o}}del},
  year =	 1929,
  title =	 {{\"{U}}ber die {V}ollst{\"{a}}ndigkeit des
                  {L}ogikkalk{\"{u}}ls [On the Completeness of the
                  Calculus of Logic]},
  note =	 {Reprinted and translated in \cite{Godel1986},
                  pp.~60--101},
  school =	 {Universit{\"{a}}t Wien},
  type =	 {Dissertation}
}

@Article{Godel1931,
  author =	 {Kurt G{\"{o}}del},
  title =	 {{\"{U}}ber formal unentscheidbare {S}{\"{a}}tze der
                  \emph{Principia Mathematica} und verwandter
                  {S}ysteme {I} [{O}n {F}ormally {U}ndecidable
                  {P}ropositions of \emph{Principia Mathematica} and
                  {R}elated {S}ystems {I}]},
  journal =	 {Monatshefte f{\"{u}}r Mathematik und Physik},
  year =	 1931,
  volume =	 38,
  pages =	 {173--198},
  note =	 {Reprinted and translated in \cite{Godel1986},
                  pp.~144--195},
  doi =		 {10.1007/BF01700692}
}

@Book{Godel1986,
  title =	 {Kurt G{\"o}del: Collected Works. Vol. 1:
                  Publications 1929-1936},
  author =	 {Feferman, Solomon and Dawson Jr., John W. and
                  Kleene, Stephen C. and Moore, Gregory H. and
                  Solovay, Robert M.  and van Heijenoort, Jean},
  year =	 1986,
  publisher =	 {Oxford University Press},
  address =	 {Oxford}
}

@Book{Godel1990,
  title =	 {Kurt G{\"o}del: Collected Works. Vol. 2:
                  Publications 1938--1974},
  author =	 {Feferman, Solomon and Dawson Jr., John W. and
                  Kleene, Stephen C. and Moore, Gregory H. and
                  Solovay, Robert M.  and van Heijenoort, Jean},
  year =	 1990,
  publisher =	 {Oxford University Press},
  address =	 {Oxford}
}

@article{Grattan-Guinness1971,
  title =	 {Towards a Biography of {G}eorg {C}antor},
  author =	 {Grattan-Guinness, Ivor},
  journal =	 {Annals of Science},
  volume =	 27,
  number =	 4,
  pages =	 {345--391},
  year =	 1971,
}

@book{Hodges2014,
  title =	 {Alan Turing: The Enigma},
  author =	 {Hodges, Andrew},
  year =	 2014,
  publisher =	 {Vintage},
  address =	 {London}
}

@misc{Imitation2014,
  author =	 {Morten Tyldum},
  title =	 {{T}he {I}mitation {G}ame},
  year =	 2014,
  note =	 {Motion picture}
}

@misc{Irvine2015,
  author =	 {Irvine, Andrew David},
  title =	 {{S}tanford {E}ncyclopedia of {P}hilosophy: {S}ound
                  {C}lips of {B}ertrand {R}ussell {S}peaking},
  year =	 2015,
  url =
                  {http://plato.stanford.edu/entries/russell/russell-soundclips.html}
}

@misc{LibriVoxND,
  author =	 {LibriVox},
  title =	 {{L}ibri{V}ox - {B}ertrand {R}ussell},
  year =	 {n.d.},
  note =	 {Collection of public domain audiobooks},
  url =
                  {https://librivox.org/author/1508?primary_key=1508&search_category=author&search_page=1&search_form=get_results}
}

@misc{Linsenmayer2014,
  author =	 {Linsenmayer, Mark},
  title =	 {{T}he {P}artially {E}xamined {L}ife: G{\"{o}}del on
                  {M}ath},
  year =	 2014,
  note =	 {Podcast audio},
  url =
                  {http://www.partiallyexaminedlife.com/2014/06/16/ep95-godel/}
}

@misc{MacFarlane2015,
  author =	 {MacFarlane, John},
  title =	 {{A}lonzo {C}hurch's {JSL} {R}eviews},
  year =	 2015,
  url =		 {http://johnmacfarlane.net/church.html}
}

@article{Matijasevich1992,
  title={My Collaboration with Julia Robinson},
  author={Matijasevich, Yuri},
  journal={The Mathematical Intelligencer},
  volume={14},
  number={4},
  pages={38--45},
  year={1992}
}

@book{Menzler-Trott2007,
  title =	 {Logic's Lost Genius: The Life of Gerhard Gentzen},
  author =	 {Menzler-Trott, Eckart},
  year =	 2007,
  publisher =	 {American Mathematical Society},
  address =	 {Providence}
}

@book{Noether1983,
  title =	 {Emmy {N}oether: {G}esammelte
                  {A}bhandlungen---{C}ollected {P}apers},
  author =	 {Jacobson, Nathan},
  year =	 1983,
  publisher =	 {Springer-Verlag},
  address =	 {Berlin}
}

@misc{Oconnor2014,
  author =	 {O'Connor, J.J. and Robertson, E.F.},
  title =	 {R\'{o}zsa P\'{e}ter},
  year =	 {2014},
  url =  {http://www-groups.dcs.st-and.ac.uk/~history/Biographies/Peter.html}
}

@misc{Perimeter2015,
  author =	 {Perimeter Institute},
  title =	 {Emmy {N}oether: {H}er {L}ife, {W}ork, and
                  {I}nfluence},
  year =	 2015,
  note =	 {Video Lecture},
  url =		 {https://www.youtube.com/watch?v=tNNyAyMRsgE}
}

@book{Peter2010,
  title={Playing with Infinity},
  author={P\'{e}ter, R\'{o}zsa},
  year={2010},
  address={Mineola},
  publisher={Dover}
}

@misc{Radiolab2012,
  author =	 {Radiolab},
  title =	 {{T}he {T}uring {P}roblem},
  year =	 2012,
  note =	 {Podcast audio},
  url =
                  {http://www.radiolab.org/story/193037-turing-problem/}
}

@misc{RadiolabND,
  author =	 {Radiolab},
  title =	 {{T}alking to {M}achines},
  year =	 {N.D.},
  note =	 {Podcast audio},
  url =
                  {http://www.radiolab.org/story/137407-talking-to-machines/}
}

@article{Reid1986,
  title={The Autobiography of Julia Robinson},
  author={Reid, Constance},
  journal={The College Mathematics Journal},
  volume={17},
  issue={1},
  pages={3--21},
  year={1986}
}

@Book{Robinson1996,
  author =	 {Robinson, Julia},
  year =	 1996,
  title =	 {The Collected Works of Julia Robinson},
  publisher =	 {American Mathematical Society},
  address =	 {Providence}
}

@misc{Rose2012,
  author =	 {Rose, Daniel},
  title =	 {{A} {S}ong {A}bout {G}eorg {C}antor},
  year =	 2012,
  note =	 {Audio Recording},
  url =		 {https://www.youtube.com/watch?v=QUP5Z4Fb5k4}
}

@Article{Russell1905,
  author =	 {Bertrand Russell},
  title =	 {On denoting},
  journal =	 {Mind},
  year =	 1905,
  volume =	 14,
  pages =	 {479--493}
}

@book{Russell1967,
  author =	 {Bertrand Russell},
  year =	 1967,
  title =	 {The Autobiography of Bertrand Russell},
  volume =	 1,
  publisher =	 {Allen and Unwin},
  address =	 {London}
}

@book{Russell1968,
  author =	 {Bertrand Russell},
  year =	 1968,
  title =	 {The Autobiography of Bertrand Russell},
  volume =	 2,
  publisher =	 {Allen and Unwin},
  address =	 {London}
}

@book{Russell1969,
  author =	 {Bertrand Russell},
  year =	 1969,
  title =	 {The Autobiography of Bertrand Russell},
  volume =	 3,
  publisher =	 {Allen and Unwin},
  address =	 {London}
}

@book{Russell1983,
  author =	 {Bertrand Russell},
  year =	 1983,
  title =	 {Collected Papers},
  publisher =	 {Routledge},
  address =	 {London}
}

@misc{RussellND,
  author =	 {Bertrand Russell},
  title =	 {{B}ertrand {R}ussell on {S}moking},
  year =	 {N.D.},
  note =	 {Video Interview},
  url =		 {https://www.youtube.com/watch?v=80oLTiVW_lc}
}

@misc{Sautoy2014,
  author =	 {Sautoy, du Marcus},
  title =	 {{A} {B}rief {H}istory of {M}athematics: {G}eorg
                  {C}antor},
  year =	 2014,
  note =	 {Audio Recording},
  url =		 {http://www.bbc.co.uk/programmes/b00ss1j0}
}

@book{Segal2014,
  title =	 {Mathematicians under the Nazis},
  author =	 {Segal, Sanford L.},
  year =	 2014,
  publisher =	 {Princeton University Press},
  address =	 {Princeton}
}

@article{Sigmund2007,
  title =	 {Kurt {G}\"odel: {D}as {A}lbum--{T}he {A}lbum},
  author =	 {Sigmund, Karl and Dawson, John and M{\"{u}}hlberger,
                  Kurt and Enzensberger, Hans Magnus and Kennedy,
                  Juliette},
  journal =	 {The Mathematical Intelligencer},
  volume =	 29,
  number =	 3,
  pages =	 {73--76},
  year =	 2007,
  publisher =	 {Springer}
}

@book{Smith2013,
  title =	 {An Introduction to G{\"o}del's Theorems},
  author =	 {Smith, Peter},
  year =	 2013,
  publisher =	 {Cambridge University Press},
  address =	 {Cambridge}
}

@misc{Society2015,
  author =	 {Beckmann, Arnold and Preining, Norbert},
  title =	 {Kurt {G}\"odel {S}ociety},
  year =	 2004,
  url = {http://kgs.logic.at/index.php?id=2}
}

@misc{Sykes1992,
  author =	 {Sykes, Christopher},
  title =	 {{BBC} {H}orizon: The Strange Life and Death of
                  {D}r.~{T}uring},
  year =	 1992,
  url =		 {https://www.youtube.com/watch?v=gyusnGbBSHE}
}

@book{Takeuti2003,
  title =	 {Memoirs of a Proof Theorist: G{\"{o}}del and Other
                  Logicians},
  author =	 {Takeuti, Gaisi and Passell, Nicholas and Yasugi,
                  Mariko},
  year =	 2003,
  publisher =	 {World Scientific},
  address =	 {Singapore}
}

@article{Tamassy1994,
  title={Interview with R{\'o}za P{\'e}ter},
  author={Tamassy, Istvan},
  journal={Modern Logic},
  volume={4},
  number={3},
  pages={277--280},
  year={1994}
}

@book{Tarski1981,
  author =	 {Alfred Tarski},
  year =	 1981,
  title =	 {The Collected Works of {A}lfred {T}arski},
  volume =	 {I--IV},
  publisher =	 {Birkh\"{a}user},
  address =	 {Basel}
}

@Book{Tarski1983,
  author =	 {John Corcoran},
  title =	 {Logic, Semantics, Metamathematics},
  publisher =	 {Hackett},
  year =	 1983,
  address =	 {Indianapolis},
  edition =	 {2nd}
}

@misc{Theelen2012,
  author =	 {Theelen, Andre},
  title =	 {LEGO Turing Machine},
  year =	 2012,
  url =		 {https://www.youtube.com/watch?v=FTSAiF9AHN4}
}

@Article{Turing1937,
  author =	 {Alan M. Turing},
  title =	 {On computable numbers, with an application to the
                  ``{E}ntscheidungsproblem''},
  journal =	 {Proceedings of the London Mathematical Society, 2nd
                  Series},
  year =	 1937,
  volume =	 42,
  pages =	 {230--265}
}

@book{Wang1990,
  title =	 {Reflections on Kurt G{\"{o}}del},
  author =	 {Wang, Hao},
  year =	 1990,
  publisher =	 {MIT Press},
  address =	 {Cambridge}
}

@Article{Zermelo1904,
  author =	 {Ernst Zermelo},
  title =	 {Beweis, da{\ss} jede {M}enge wohlgeordnet werden
                  kann},
  journal =	 {Mathe\-ma\-tische An\-nalen},
  year =	 1904,
  volume =	 59,
  pages =	 {514--516},
  note =	 {{E}nglish translation in
                  \cite[pp.~115-119]{Ebbinghaus2010}}
}

@article{Zermelo1908,
  title =	 {Untersuchungen {\"u}ber die {G}rundlagen der
                  {M}engenlehre~{I}},
  author =	 {Zermelo, Ernst},
  journal =	 {Mathematische Annalen},
  volume =	 65,
  number =	 2,
  pages =	 {261--281},
  year =	 1908,
  note =	 {{E}nglish translation in
                  \cite[pp.~189-229]{Ebbinghaus2010}}
}
