@InProceedings{Abrusci1983,
  author =	 {Vito Michele Abrusci},
  title =	 {Paul {H}ertz's logical works: Contents and
                  relevance},
  booktitle =	 {Atti del Convegno Internazionale di Storia della
                  Logica, Le teorie delle modalit\`a. 4--8 {D}ecember
                  1982, {S}an {G}imignano},
  pages =	 {369--374},
  year =	 1983,
  address =	 {Bologna},
  publisher =	 {CLUEB}
}

@INPROCEEDINGS{Abrusci:89,
  author =       {Vito Michele Abrusci},
  editor =       {Giovanna Corsi and Corrado Mangione and Massimo
                  Mugnai},
  year =         1989,
  title =        {David {H}ilbert's {{\em V}}{\em orlesungen} on logic
                  and the foundations of mathematics},
  booktitle =    {Atti del Convegno Internazionale di Storia della
                  Logica, Le teorie delle modalit\`a. 5--8 {D}ecember
                  1987, {S}an {G}imignano},
  pages =        {333--338},
  publisher =    {CLUEB},
  address =      {Bologna}
}

@Article{Ackermann1924,
  author =	 {Wilhelm Ackermann},
  year =	 1924,
  title =	 {Begr\"undung des ``tertium non datur'' mittels der
                  {H}ilbertschen {T}heorie der {W}iderspruchsfreiheit},
  journal =	 {Mathe\-ma\-tische An\-nalen},
  volume =	 93,
  pages =	 {1--36}
}

@Article{Ackermann1928,
  author =	 {Wilhelm Ackermann},
  year =	 1928,
  title =	 {\"{U}ber die {E}rf\"ullbarkeit gewisser
                  {Z}\"ahlausdr\"ucke},
  journal =	 {Mathe\-ma\-tische An\-nalen},
  volume =	 100,
  pages =	 {638--649}
}

@Article{Ackermann1928a,
  author =	 {Wilhelm Ackermann},
  year =	 1928,
  title =	 {Zum {H}ilbertschen {A}ufbau der reellen {Z}ahlen},
  journal =	 {Mathe\-ma\-tische An\-nalen},
  volume =	 99,
  pages =	 {118--133}
}

@Article{Ackermann1934,
  author = 	 {Wilhelm Ackermann},
  title = 	 {Untersuchungen \"{u}ber das {E}liminationsproblem
der mathematischen {L}ogik},
  journal = 	 {Mathematische Annalen},
  year = 	 1934,
  volume = 	 110,
  pages = 	 {390-413}}

@Article{Ackermann1940,
  author =	 {Wilhelm Ackermann},
  title =	 {Zur {W}iderspruchsfreiheit der {Z}ahlentheorie},
  journal =	 {Mathe\-ma\-tische An\-nalen},
  year =	 1940,
  volume =	 117,
  pages =	 {162--194}
}

@Book{Ackermann1954,
  author =	 {Wilhelm Ackermann},
  title =	 {Solvable Cases of the Decision Problem},
  publisher =	 {North-Holland},
  address =	 {Amsterdam},
  year =	 1954
}

@Article{Ackermann1983,
  author =	 {Hans Richard Ackermann},
  title =	 {Aus dem {B}riefwechsel {W}ilhelm {A}ckermanns},
  journal =	 {History and Philosophy of Logic},
  year =	 1983,
  volume =	 4,
  pages =	 {181--202}
}

@book{Ajdukiewicz1921,
  author =	 {Ajdukiewicz, Kazimierz},
  year =	 1921,
  title =	 {Z metodologii nauk dedukcyjnych},
  address =	 {Lw\'{o}w},
  note =	 {{E}nglish translation by J. Giedymin, \emph{From the
                  Methodology of the Deductive Sciences}, \emph{Studia
                  Logica}, 19, 1966, pp. 9--46.}
}

@Article{Andrews2003,
  author =	 {Peter B. Andrews},
  title =	 {Herbrand Award Acceptance Speech},
  journal =	 {Journal of Automated Reasoning},
  year =	 2003,
  volume =	 31,
  pages =	 {169--187}
}

@Article{Arai1990,
  author =	 {Toshiyasu Arai},
  title =	 {Derivability conditions on {R}osser's provability
                  predicates},
  journal =	 {Notre Dame Journal of Formal Logic},
  year =	 1990,
  volume =	 31,
  pages =	 {487--497}
}

@Book{Aspray1988,
  editor =	 {William Aspray and Philip Kitcher},
  year =	 1988,
  title =	 {History and Philosophy of Modern Mathematics},
  booktitle =	 {History and Philosophy of Modern Mathematics},
  series =	 {Minnesota Studies in the Philosophy of Science 11},
  publisher =	 {University of Minnesota Press},
  address =	 {Minneapolis}
}

@Book{Atten2003,
  author =	 {Mark van Atten},
  title =	 {On Brouwer},
  publisher =	 {Wadsworth},
  year =	 2003,
  address =	 {Belmont}
}

@InCollection{Atten2005,
  author =	 {Mark van Atten},
  title =	 {The {B}ecker-{H}eyting correspondence},
  booktitle =	 {Die Philosophie und die Mathematik: Oskar Becker in
                  der mathematischen Grundlagendiskussion},
  publisher =	 {Wilhelm Fink Verlag},
  year =	 2005,
  editor =	 {Volker Peckhaus},
  address =	 {Munich}
}

@Article{Auerbach1985,
  author =	 {David Auerbach},
  title =	 {Intentionality and the {G}\"odel theorems},
  journal =	 {Philosophical Studies},
  year =	 1985,
  volume =	 48,
  pages =	 {337--351}
}

@Article{Auerbach1989,
  author =	 {David Auerbach},
  title =	 {Review of \emph{{H}ilbert's Program: An Essay on
                  Mathematical Instrumentalism} \cite{Detlefsen1986}},
  journal =	 {Journal of Symbolic Logic},
  year =	 1989,
  volume =	 54,
  number =	 2,
  pages =	 {620-622}
}

@InCollection{Auerbach1992,
  author =	 {David Auerbach},
  title =	 {How to say things with formalisms},
  booktitle =	 {Proof, Logic, and Formalization},
  year =	 1992,
  editor =	 {Michael Detlefsen},
  publisher =	 {Routledge},
  address =	 {London},
  pages =	 {77--93}
}

@TechReport{Avigad2001,
  author =	 {Jeremy Avigad and Erich Reck},
  title =	 {``Clarifying the nature of the infinite'': the
                  development of metamathematics and proof theory},
  institution =	 {Carnegie Mellon University},
  year =	 2001,
  type =	 {Technical Report CMU-PHIL-120},
  note =	 {Online at
                  http://www.andrew.cmu.edu/user/avigad/Papers/infinite.pdf}
}

@InCollection{Avigad2002,
  author =	 {Jeremy Avigad and Richard Zach},
  title =	 {The Epsilon Calculus},
  booktitle =	 {The Stanford Encyclopedia of Philosophy},
  editor =	 {Edward N. Zalta},
  note =	 {http://plato.stanford.edu/entries/epsilon-calculus/},
  year =	 2002,
  month =	 {Summer}
}

@InCollection{Avigad1998,
  author =	 {Jeremy Avigad and Solomon Feferman},
  title =	 {G\"odel's Functional (``{D}ialectica'')
                  interpretation},
  crossref =	 {Buss1998},
  booktitle =	 {Handbook of Proof Theory},
  year =	 1998
}

@Article{Avigad2003,
  author =	 {Jeremy Avigad},
  title =	 {Number theory and elementary arithmetic},
  journal =	 {Philosophia Mathematica},
  year =	 2003,
  volume =	 11,
  pages =	 {257--284}
}

@Article{Awodey2001,
  author =	 {Steve Awodey and Andre W. Carus},
  year =	 2001,
  title =	 {Carnap, Completeness, and Categoricity: the
                  {G}abelbarkeitssatz of 1928},
  journal =	 {Erkenntnis},
  volume =	 54,
  pages =	 {145--172}
}

@Article{Awodey2002,
  author =	 {Steve Awodey and Erich Reck},
  title =	 {Completeness and Categoricity. {P}art {I}:
                  Nineteenth-century axiomatics to twentieth-century
                  metalogic},
  journal =	 {History and Philosophy of Logic},
  year =	 2002,
  volume =	 23,
  pages =	 {1--30}
}

@book{Badesa2004,
  author =	 {Calixto Badesa},
  title =	 {The Birth of Model Theory. L\"owenheim's Theorem in
                  the Frame of the Theory of Relatives},
  publisher =	 {Princeton University Press},
  address =	 {Princeton, N.J.},
  year =	 2004
}

@Article{Baire1905,
  author =	 {Ren\'e-Louis Baire and {\'E}mile Borel and Jacques
                  Hadamard and Henri Lebesgue},
  title =	 {Cinq lettres sur la th\'eorie des ensembles},
  journal =	 {Bulletin de la Soci{\'e}t{\'e} Math{\'e}matique de
                  France},
  year =	 1905,
  volume =	 33,
  pages =	 {261--273},
  note =	 {{E}nglish translation in
                  \cite{Moore1982}, Appendix~1}
}

@book{Baldus1924,
  author =	 {Richard Baldus},
  year =	 1924,
  title =	 {Formalismus und {I}ntuitionismus in der
                  {M}athematik},
  publisher =	 {Braun},
  address =	 {Karlsruhe}
}

@Article{Baldus1928,
  author =	 {Richard Baldus},
  title =	 {Zur {A}xiomatik der {G}eometrie {I}: {\"U}ber
                  {H}ilberts {V}ollst\"andigkeitsaxiom},
  journal =	 {Mathe\-ma\-tische An\-nalen},
  year =	 1928,
  volume =	 100,
  pages =	 {321--333}
}

@Article{Barendregt1997,
  author =	 {Barendregt, Henk },
  journal =	 {Bulletin of Symbolic Logic},
  number =	 2,
  pages =	 {181--215},
  title =	 {The Impact of the Lambda Calculus in Logic and
                  Computer Science},
  volume =	 3,
  year =	 1997
}

@Article{Barzin1927,
  author =	 {Marcel Barzin and Alfred Errera},
  title =	 {Sur la logique de {M}.~{B}rouwer},
  journal =	 {Acad\'{e}mie Royale de Belgique, Bulletin},
  year =	 1927,
  volume =	 13,
  pages =	 {56--71}
}

@Article{Bays2001,
  author =	 {Timothy Bays},
  year =	 2001,
  title =	 {On {T}arski on models},
  journal =	 {Journal of Symbolic Logic},
  volume =	 66,
  pages =	 {1701--1726}
}

@Article{Becker1927,
  author =	 {Oskar Becker},
  year =	 1927,
  title =	 {Mathematische {E}xistenz},
  journal =	 {Jahrbuch f\"ur Philosophie und ph\"anomenologische
                  Forschung},
  volume =	 8,
  pages =	 {439--809}
}

@PHDTHESIS{Behmann1918,
  author =	 {Heinrich Behmann},
  year =	 1918,
  title =	 {Die {A}ntinomie der transfiniten {Z}ahl und ihre
                  {A}ufl\"osung durch die {T}heorie von {R}ussell und
                  {W}hitehead},
  school =	 {Universit\"at G\"ottingen},
  type =	 {Dissertation},
  note =	 {352 pp.}
}

@unpublished{Behmann1921,
  author =	 {Behmann, Heinrich},
  year =	 1921,
  title =	 {Entscheidungsproblem und {A}lgebra der {L}ogik},
  note =	 {unpublished manuscript dated May 10, 1921. Behmann
                  Archive, Staatsbibliothek zu Berlin, Preu{\ss}ischer
                  Kulturbesitz, Handschriftenabteilung, Nachl.~355
                  (Behmann), K.~9 Einh.~37}
}

@Article{Behmann1922,
  author =	 {Heinrich Behmann},
  year =	 1922,
  title =	 {Beitr\"age zur {A}lgebra der {L}ogik, insbesondere
                  zum {E}ntscheidungsproblem},
  journal =	 {Mathematische Annalen},
  volume =	 86,
  pages =	 {163--229}
}

@article{Behmann1923,
author = {Heinrich Behmann},
  year =	 1923,
  title =	 {Algebra der {L}ogik und
                  {E}ntscheidungsproblem},
  journal =	 {Jahresbericht der Deutschen
    Mathematiker-Vereinigung, 2.~Abteilung},
  volume =	 32,
  pages =	 {66--67}
}

@Article{Beltrami1968,
  author =	 {Beltrami, Eugenio},
  year =	 1868,
  title =	 {Saggio di interpretazione della geometria
                  non-euclidea},
  journal =	 {Giornale di Matematiche},
  volume =	 6,
  pages =	 {284--312}
}

@PHDTHESIS{Bernays1918,
  author =	 {Paul Bernays},
  year =	 1918,
  title =	 {Beitr\"age zur axiomatischen {B}ehandlung des
                  {L}ogik-{K}alk\"uls},
  note =	 {Bernays Nachla\ss, WHS, ETH Z\"urich Archive, Hs
                  973.192. Edited in \cite{Hilbert2013}, pp.~222--271},
  school =	 {Universit\"at G\"ottingen},
  type =	 {Habilitationsschrift}
}

@Article{Bernays1922,
  author =	 {Paul Bernays},
  year =	 1922,
  title =	 {{\"U}ber {H}ilberts {G}edanken zur {G}rundlegung der
                  {A}rithmetik},
  journal =	 {Jahres\-bericht der Deut\-schen
                  Mathe\-matiker-Ver\-eini\-gung},
  volume =	 31,
  pages =	 {10--19},
  note =	 {{E}nglish translation in
                  \cite{Mancosu1998}, pp.~215--222},
  englishtitle = {On {H}ilbert's thoughts concerning the grounding of
                  arithmetic}
}

@Article{Bernays1922a,
  author =	 {Paul Bernays},
  year =	 1922,
  title =	 {Review of: {H}einrich {B}ehmann, ``{B}eitr\"{a}ge
                  zur {A}lgebra der {L}ogik, insbesondere zum
                  {E}ntscheidungsproblem''},
  journal =	 {Jahrbuch f\"ur die Fortschritte der Mathematik},
  volume =	 48,
  number =	 8,
  pages =	 {1119--1120}
}

@Article{Bernays1922b,
  author =	 {Paul Bernays},
  title =	 {Die {B}edeutung {H}ilberts f\"ur die {P}hilosophie
                  der {M}athematik},
  journal =	 {Die Naturwissenschaften},
  year =	 1922,
  volume =	 10,
  pages =	 {93--99},
  note =	 {{E}nglish translation in
                  \cite{Mancosu1998}, pp.~189--197}
}

@Article{Bernays1923b,
  author =	 {Paul Bernays},
  year =	 1923,
  title =	 {Erwiderung auf die {N}ote von {H}errn {A}loys
                  {M}\"uller: {\"U}ber {Z}ahlen als {Z}eichen},
  journal =	 {Mathe\-ma\-tische An\-nalen},
  volume =	 90,
  pages =	 {159--63},
  note =	 {{E}nglish translation in
                  \cite{Mancosu1998}, pp.~223--226},
  englishtitle = {Reply to the note by {M}r.~{A}loys {M}{\"u}ller,
                  ``{O}n numbers as signs''}
}

@Article{Bernays1926,
  author =	 {Paul Bernays},
  year =	 1926,
  title =	 {Axiomatische {U}ntersuchungen des
                  {A}ussagen-{K}alkuls der ``{P}rincipia
                  {M}athematica''},
  journal =	 {Mathe\-mati\-sche Zeit\-schrift},
  volume =	 25,
  pages =	 {305--20}
}

@Article{Bernays1927,
  author =	 {Paul Bernays},
  year =	 1927,
  title =	 {Probleme der theoretischen {L}ogik},
  journal =	 {Unterrichtsbl\"atter f\"ur Mathematik und
                  Naturwissenschaften},
  volume =	 33,
  pages =	 {369--77}
}

@Article{Bernays1928,
  author =	 {Paul Bernays and Moses Sch{\"o}nfinkel},
  year =	 1928,
  title =	 {Zum {E}ntscheidungsproblem der mathematischen
                  {L}ogik},
  journal =	 {Mathe\-ma\-tische An\-nalen},
  volume =	 99,
  pages =	 {342--372}
}

@Article{Bernays1928a,
  author =	 {Paul Bernays},
  year =	 1928,
  title =	 {Zusatz zu {H}ilberts {V}ortrag \"uber ``{D}ie
                  {G}rundlagen der {M}athematik''},
  journal =	 {Abhandlungen aus dem Mathematischen Seminar der
                  Universit\"at Hamburg},
  volume =	 6,
  pages =	 {88--92},
  note =	 {{E}nglish translation in:
                  \cite{Heijenoort1967}, pp.~485--489}
}

@Article{Bernays1928b,
  author =	 {Paul Bernays},
  year =	 1928,
  title =	 {{\"U}ber {N}elsons {S}tellungnahme in der
                  {P}hilosophie der {M}athematik},
  journal =	 {Die Naturwissenschaften},
  volume =	 16,
  pages =	 {142--45}
}

@Article{Bernays1930,
  author =	 {Paul Bernays},
  year =	 1930,
  title =	 {Die {P}hilosophie der {M}athematik und die
                  {H}ilbertsche {B}eweistheorie},
  journal =	 {Bl\"atter f\"ur deutsche Philosophie},
  volume =	 4,
  pages =	 {326--67},
  note =	 {Reprinted in
                  \cite{Bernays1976}, pp.~17--61. {E}nglish
                  translation in \cite{Mancosu1998}, pp.~234--265},
  englishtitle = {The philosophy of mathematics and {H}ilbert's proof
                  theory}
}

@Unpublished{Bernays1935a,
  author =	 {Paul Bernays},
  title =	 {Logical Calculus},
  note =	 {unpublished typescript, Institute for Advanced
                  Study, Princeton},
  year =	 {1935--36}
}

@Book{Bernays1976,
  author =	 {Paul Bernays},
  year =	 1976,
  title =	 {Abhandlungen zur Philosophie der Mathematik},
  publisher =	 {Wissenschaftliche Buchgesellschaft},
  address =	 {Darmstadt}
}

@InCollection{Bernays1970,
  author =	 {Paul Bernays},
  title =	 {On the original {G}entzen consistency proof},
  booktitle =	 {Intuitionism and Proof Theory},
  pages =	 {409--417},
  publisher =	 {North-Holland},
  year =	 1970,
  editor =	 {A. Kino and J. Myhill and R. E. Veseley},
  address =	 {Amsterdam}
}

@Article{Beth1953,
  author =	 {Edsger W. Beth},
  title =	 {On {P}adoa's method in the theory of definition},
  journal =	 {Indagationes Mathematicae},
  year =	 1953,
  volume =	 15,
  pages =	 {330--339}
}

@book{Blackburn1999,
  editor =	 {Simon Blackburn and Keith Simmons},
  year =	 1999,
  title =	 {Truth},
  publisher =	 {Oxford University Press},
  address =	 {New York}
}

@Article{Blok1988,
  author =	 {W. J. Blok and Don Pigozzi},
  year =	 1988,
  title =	 {Alfred {T}arski's work on general metamathematics},
  journal =	 {Journal of Symbolic Logic},
  volume =	 53,
  pages =	 {36--50}
}

@Article{Bocher1904,
  author =	 {Maxime B\^{o}cher},
  year =	 1904,
  title =	 {The fundamental conceptions and methods of
                  mathematics},
  journal =	 {Bulletin of the American Mathematical Society},
  volume =	 10,
  pages =	 {115--135}
}


@book{Bondoni2007,
  author =	 {Bondoni, Davide},
  year =	 2007,
  title =	 {La teoria delle relazioni nell'algebra della logica
                  schr\"oderiana},
  publisher =	 {LED Edizioni},
  address =	 {Milan}
}

@article{Bondoni2009,
  author =	 {Davide Bondoni},
  year =	 2009,
  title =	 {Peirce and {S}chr\"{o}der on the
                  {A}ufl\"{o}sungsproblem},
  journal =	 {Logic and Logical Philosophy},
  volume =	 1,
  pages =	 {15--31}
}


@Article{Borel1905,
  author =	 {\'Emile Borel},
  title =	 {Quelques remarques sur les principes de la th\`eorie
                  des ensembles},
  journal =	 {Mathe\-ma\-tische An\-nalen},
  year =	 1905,
  volume =	 60,
  pages =	 {194--195}
}

@Book{Borga1985,
  editor =	 {Marco Borga and Paolo Freguglia and Dario Palladino},
  title =	 {I Contributi Fondazionali della Scuola di Peano},
  booktitle =	 {I Contributi Fondazionali della Scuola di Peano},
  publisher =	 {Franco Angeli},
  year =	 1985,
  address =	 {Milan}
}

@InCollection{Borga1985a,
  author =	 {Marco Borga},
  title =	 {La logica, il metodo assiomatico e la problematica
                  metateorica},
  year =	 1985,
  crossref =	 {Borga1985},
  pages =	 {11--75}
}

@Book{Borger1997,
  author =	 {Egon B{\"o}rger and Erich Gr{\"a}del and Yuri
                  Gurevich},
  title =	 {The Classical Decision Problem},
  publisher =	 {Springer},
  year =	 1997,
  address =	 {Berlin}
}

@Article{Blanchette1996,
  author =	 {Patricia Blanchette},
  title =	 {Frege and {H}ilbert on consistency.},
  journal =	 {Journal of Philosophy},
  year =	 1996,
  volume =	 93,
  pages =	 {317--336}
}

@Book{Brady2000,
  author =	 {Geraldine Brady},
  title =	 {From {P}ierce to {S}kolem. A Neglected Chapter in
                  the History of Logic},
  publisher =	 {North-Holland},
  year =	 2000,
  address =	 {Amsterdam}
}

@Article{Brouwer1912b,
  author =	 {Luitzen Egbertus Jan Brouwer},
  title =	 {Intuitionism and Formalism},
  journal =	 {Bulletin of the American Mathematical Society},
  year =	 1912,
  volume =	 20,
  pages =	 {81--96},
  note =	 {Reprinted in \cite{Benacerraf1983}, pp.~77--89}
}

@Book{Brouwer1912a,
  author =	 {Luitzen Egbertus Jan Brouwer},
  title =	 {Intuitionisme en Formalisme},
  publisher =	 {Clausen},
  year =	 1912,
  address =	 {Amsterdam},
  note =	 {{E}nglish translation in \citeN{Brouwer1912b}}
}

@Article{Brouwer1918,
  author =	 {Luitzen Egbertus Jan Brouwer},
  title =	 {Begr\"{u}ndung der {M}engenlehre unabh\"{a}ngig vom
                  logischen {S}atz vom ausgeschlossenen
                  {D}ritten. {E}rster {T}eil: {A}llgemeine
                  {M}engenlehre},
  journal =	 {KNAW Verhandelingen 1e Sectie},
  year =	 1918,
  volume =	 {XII},
  number =	 5,
  pages =	 {1--43}
}

@Article{Brouwer1919,
  author =	 {Luitzen Egbertus Jan Brouwer},
  title =	 {Intuitionistische {V}erzamelingsleer},
  journal =	 {KNAW Verslagen},
  year =	 1921,
  volume =	 29,
  pages =	 {797--802},
  note =	 {{E}nglish translation in
                  \cite{Mancosu1998}, pp.~23--27}
}

@Article{Brouwer1919a,
  author =	 {Luitzen Egbertus Jan Brouwer},
  title =	 {Begr\"{u}ndung der {M}engenlehre unabh\"{a}ngig vom
                  logischen {S}atz vom ausgeschlossenen
                  {D}ritten. {Z}weiter {T}eil: {T}heorie der
                  {P}unktmengen},
  journal =	 {KNAW Verhandelingen 1e Sectie},
  year =	 1919,
  volume =	 {XII},
  number =	 7,
  pages =	 {1--33}
}

@Article{Brouwer1923,
  author =	 {Luitzen Egbertus Jan Brouwer},
  title =	 {{\"U}ber die {B}edeutung des {S}atzes vom
                  ausgeschlossenene {D}ritten in der {M}athematik,
                  insbesondere in der {F}unktionentheorie},
  journal =	 {Journal f{\"u}r die reine und angewandte Mathematik},
  year =	 1923,
  volume =	 154,
  pages =	 {1--7},
  note =	 {{E}nglish translation in
                  \cite{Heijenoort1967}, pp.~334--341}
}

@Article{Brouwer1923a,
  author =	 {Luitzen Egbertus Jan Brouwer},
  title =	 {Intuitionistische splitsing van mathematische
                  grondbegrippen},
  journal =	 {KNAW Verslagen},
  year =	 1923,
  volume =	 32,
  pages =	 {877-880},
  note =	 {{E}nglish translation in
                  \cite{Mancosu1998}, pp.~286--289}
}

@Article{Brouwer1928,
  author =	 {Luitzen Egbertus Jan Brouwer},
  title =	 {Intuitionistische {B}etrachtungen \"uber den
                  {F}ormalismus},
  journal =	 {KNAW Proceedings},
  year =	 1928,
  volume =	 31,
  pages =	 {374--379},
  note =	 {{E}nglish translation in
                  \cite{Mancosu1998}, pp.~40--53}
}

L.E.J. Brouwer, B1919 A, Begr\"{u}ndung der Mengenlehre unabh\"{a}ngig 
vom logischen Satz vom ausgeschlossenen Dritte. Zweiter Teil: 
Theorie der Punktmengen, \emph{KNAW} Verhandelingen 1e Sectie, deel 
XII, no 7, pp. 1- 33.

L.E.J. Brouwer, B1919D1, Intuitionistische Mengenlehre, \emph{JDMV}, 
28, pp.203 -208.

L.E.J. Brouwer, B1923A, Begr\"{u}ndung der Funktionenlehre unabh\"{a}ngig 
vom logischen Satz vom ausgeschlossenen Dritten. Erster Teil, 
Stetigkeit, Messbarkeit, Derivierbarkeit, \emph{KNAW} Verhandelingen, 
1e sectie, deel XIII, no 2, pp.1-24.

Brouwer, L.E.J., B1923C1 (1923), Intuitionistische splitsing 
van mathematische grondbegrippen, \emph{KNAW Verslagen} 32, pp.877-880. 
{E}nglish translation in Mancosu 1998, pp. 286-289.

Brouwer, L.E.J., B1923C2 (1924), Intuitionistische Zerlegung 
mathematischer Grundbegriffe, \emph{J.D.M.V.} 33, pp. 251-256; CWI 
pp.275-280. {E}nglish translation in Mancosu 1998, pp. 290-292.

Brouwer, L.E.J., B1924F (1927), Zur intuitionistischen Zerlegung 
mathematischer Grundbegriffe, 1927 \emph{J.D.M.V.} 36, pp.127-129, 
CWI, pp. 295-297. {E}nglish translation in Mancosu 1998, pp. 293-295.

L.E.J. Brouwer, B1907, \emph{Over de Grondslagen der Wiskunde}, Maas 
\& van Suchtelen, Amsterdam 1907. {E}nglish translation in CWI.

L.E.J. Brouwer, B1908A, Die m\"{o}gliche M\"{a}chtigkeiten, \emph{Atti 
IV Congr.Intern.Mat. Roma III}, pp. 569-571.

@Article{Brouwer1908,
  author =	 {Luitzen Egbertus Jan Brouwer},
  title =	 {De onbetrouwbaarheid der logische principes},
  journal =	 {Tijdschrift voor Wijsbegeerte},
  year =	 1908,
  volume =	 2,
  pages =	 {152--158},
  note =	 {{E}nglish translation in
                  \cite{Brouwer1975}, pp.~107--111}
}

@Book{Brouwer1975,
  author =	 {Luitzen Egbertus Jan Brouwer},
  editor =	 {Arend Heyting and Hans Freudenthal},
  title =	 {Collected Works},
  publisher =	 {North-Holland},
  year =	 1975,
  volume =	 1,
  address =	 {Amsterdam}
}

@incollection{Cantini2002,
  author =	 {Andrea Cantini},
  title =	 {Paradoxes, self-reference and truth in the 20th
                  century},
  editor =	 {Dov Gabbay and John Woods},
  booktitle =	 {Handbook of the History of Logic. Volume 6: The
                  Emergence of Classical Logic},
  publisher =	 {Elsevier},
  address =	 {Amsterdam},
  note =	 {forthcoming},
  year =	 {200?}
}

@Article{Carnap1927,
  author =	 {Rudolf Carnap},
  year =	 1927,
  title =	 {Eigentliche und uneigentliche {B}egriffe},
  journal =	 {Symposion},
  volume =	 1,
  pages =	 {355--374}
}

@book{Carnap1927a,
  author =	 {Rudolf Carnap},
  year =	 {2000 [1927--29]},
  title =	 {Untersuchungen zur allgemeinen {A}xiomatik},
  editor =	 {Thomas Bonk and Jesus Mosterin},
  publisher =	 {Wissenschaftliche Buchgesellschaft},
  address =	 {Darmstadt}
}

@book{Carnap1928,
  author =	 {Rudolf Carnap},
  year =	 1928,
  title =	 {Der Logische Aufbau der Welt},
  publisher =	 {Weltkreis-Verlag},
  address =	 {Berlin}
}

@book{Carnap1929,
  author =	 {Rudolf Carnap},
  year =	 1929,
  title =	 {Abriss der Logistik},
  publisher =	 {Springer},
  address =	 {Vienna}
}

@Article{Carnap1930,
  author =	 {Rudolf Carnap},
  year =	 1930,
  title =	 {Bericht \"{u}ber {U}ntersuchungen zur allgemeinen
                  {A}xiomatik},
  journal =	 {Erkenntnis},
  volume =	 1,
  pages =	 {303--310}
}

@incollection{Chang1974,
  author =	 {Chen Chung Chang},
  year =	 1974,
  title =	 {Model Theory 1945--1971},
  crossref =	 {Henkin1974},
  pages =	 {173--186}
}

@Book{Chihara1973,
  author =	 {Charles S. Chihara},
  year =	 1973,
  title =	 {Ontology and the Vicious-Circle Principle},
  publisher =	 {Cornell University Press},
  address =	 {Ithaca, N.Y., and London}
}

@Article{Church1928,
  author =	 {Alonzo Church},
  title =	 {On the law of the excluded middle},
  journal =	 {Bulletin of the American Mathematical Society},
  year =	 1928,
  volume =	 34,
  pages =	 {75--78}
}

@Article{Church1932,
  author =	 {Alonzo Church},
  title =	 {A set of postulates for the foundation of logic},
  journal =	 {Annals of Mathematics},
  year =	 1932,
  volume =	 33,
  pages =	 {346--366}
}

@Article{Church1933,
  author =	 {Alonzo Church},
  title =	 {A set of postulates for the foundation of logic
                  (Second Paper)},
  journal =	 {Annals of Mathematics},
  year =	 1933,
  volume =	 34,
  pages =	 {839--864}
}

@Article{Church1935a,
  author =	 {Alonzo Church},
  title =	 {An unsolvable problem of elementary number theory},
  journal =	 {Bulletin of the American Mathematical Society},
  year =	 1935,
  volume =	 41,
  pages =	 {332--333}
}

@Article{Church1935b,
  author =	 {Alonzo Church},
  title =	 {A proof of freedom from contradiction},
  journal =	 {Proceedings of the National Academy of Science},
  year =	 1935,
  volume =	 21,
  pages =	 {275--281}
}

@Article{Church1936,
  author =	 {Alonzo Church},
  title =	 {A note on the {E}ntscheidungsproblem},
  journal =	 {Journal of Symbolic Logic},
  year =	 1936,
  volume =	 1,
  pages =	 {40--41}
}

@Article{Church1936a,
  title =	 {An Unsolvable Problem of Elementary Number Theory},
  author =	 {Alonzo Church},
  journal =	 {American Journal of Mathematics},
  Volume =	 58,
  year =	 1936,
  pages =	 {345--363}
}

@Article{Coffa1987,
  author =	 {Alberto Coffa},
  title =	 {Carnap, {T}arski and the search for truth},
  journal =	 {Nous},
  year =	 1987,
  volume =	 21,
  pages =	 {547-572}
}

@Book{Cohen1966,
  author =	 {Paul J. Cohen},
  title =	 {Set Theory and the Continuum Hypothesis},
  publisher =	 {W. A. Benjamin},
  year =	 1966,
  address =	 {New York}
}

@Article{Coquand1995,
  author =	 {Thierry Coquand},
  title =	 {A semantics of evidence for classical arithmetic},
  journal =	 {Journal of Symbolic Logic},
  year =	 1995,
  volume =	 60,
  pages =	 {325--337}
}

@book{Corry2004,
  author =	 {Leo Corry},
  year =	 2004,
  title =	 {Modern Algebra and the Rise of Mathematical
                  Structures},
  edition =	 {2nd},
  publisher =	 {Birkh\"{a}user},
  address =	 {Basel}
}

@Article{Corry1997,
  author =	 {Leo Corry},
  title =	 {David {H}ilbert and the axiomatization of physics
                  (1894--1905)},
  journal =	 {Archive for the History of the Exact Sciences},
  year =	 1997,
  volume =	 51,
  pages =	 {83--198}
}

@InProceedings{Crossley1975,
  author =	 {J. N. Crossley},
  title =	 {Remniscences of logicians},
  booktitle =	 {Algebra and Logic. Papers from the 1974 Summer
                  Research Institute of the Australian Mathematical
                  Society},
  pages =	 {1--62},
  year =	 1975,
  editor =	 {J. N. Crossley},
  series =	 {LNM 450},
  address =	 {Berlin},
  publisher =	 {Springer}
}

@Article{Curry1929,
  author =	 {Haskell B. Curry},
  title =	 {An analysis of logical substitution},
  journal =	 {American Journal of Mathematics},
  year =	 1929,
  volume =	 51,
  pages =	 {363--384}
}

@Article{Curry1930,
  author =	 {Haskell B. Curry},
  title =	 {Grundlagen der kombinatorischen {L}ogik},
  journal =	 {American Journal of Mathematics},
  year =	 1930,
  volume =	 52,
  pages =	 {509--536, 789--834}
}

@Article{Czelakowski1985,
  author =	 {Janusz Czelakowski and Grzegorz Malinowski},
  year =	 1985,
  title =	 {Key notions of {T}arski's methodology of deductive
                  systems},
  journal =	 {Studia Logica},
  volume =	 44,
  pages =	 {321--351}
}

@Article{Dalen2000,
  author =	 {Dirk van Dalen and Hans-Dieter Ebbinghaus},
  title =	 {Zermelo and the {S}kolem Paradox},
  journal =	 {Bulletin of Symbolic Logic},
  year =	 2000,
  volume =	 6,
  pages =	 {145-161}
}

@Book{Dalen1999,
  author =	 {Dirk van Dalen},
  title =	 {Mystic, Geometer, Intuitionist. {T}he Life of
                  {L}. {E}. {J}. {B}rouwer},
  publisher =	 {Oxford University Press},
  year =	 1999,
  address =	 {Oxford}
}

@Book{Dauben1971,
  author =	 {Joseph W. Dauben},
  title =	 {Georg Cantor: His Mathematics and Philosophy of the
                  Infinite},
  publisher =	 {Harvard University Press},
  year =	 1971,
  address =	 {Boston}
}

@Article{Dawson1993,
  author =	 {John W. Dawson, Jr.},
  year =	 1993,
  title =	 {The compactness of first-order logic: from
                  {G}\"{o}del to {L}indstr\"{o}m},
  journal =	 {History and Philosophy of Logic},
  volume =	 14,
  pages =	 {15--38}
}

@InCollection{Dawson1989,
  author =	 {John W. Dawson, Jr.},
  title =	 {The reception of {G}\"odel's Incompleteness
                  Theorems},
  booktitle =	 {G\"odel's Theorem in Focus},
  pages =	 {74--95},
  publisher =	 {Routledge},
  year =	 1989,
  editor =	 {Stuart G. Shanker},
  address =	 {London}
}

@Book{Dawson1997,
  author =	 {John W. Dawson, Jr.},
  title =	 {Logical Dilemmas. The Life and Work of Kurt G\"odel},
  publisher =	 {A K Peters},
  year =	 1997,
  address =	 {Wellesley}
}

@Article{Davis1982,
  author =	 {Martin Davis},
  title =	 {Why {G}\"odel didn't have {C}hurch's Thesis},
  journal =	 {Information and Control},
  year =	 1982,
  volume =	 54,
  pages =	 {3--24}
}

@Book{Dedekind1901,
  author =	 {Richard Dedekind},
  title =	 {Essays on the Theory of Number},
  publisher =	 {Open Court},
  year =	 1901,
  address =	 {New York}
}

@Book{Dedekind1988,
  author =	 {Richard Dedekind},
  title =	 {Was sind und was sollen die {Z}ahlen?},
  publisher =	 {Vieweg},
  year =	 1888,
  address =	 {Braunschweig},
  note =	 {{E}nglish translation in \citeN{Dedekind2001}}
}

@Article{Demopoulos1994,
  author =	 {William Demopoulos},
  title =	 {Frege, {H}ilbert, and the Conceptual Structure of
                  Model Theory},
  journal =	 {History and Philosophy of Logic},
  year =	 1994,
  volume =	 15,
  pages =	 {211--225}
}

@Book{Demopoulos1995,
  editor =	 {William Demopoulos},
  title =	 {Frege's Philosophy of Mathematics},
  publisher =	 {Cambridge University Press},
  year =	 1995,
  address =	 {Cambridge}
}

@Article{Detlefsen1979,
  author =	 {Michael Detlefsen},
  title =	 {On interpreting {G}\"odel's second theorem},
  journal =	 {Journal of Philosophical Logic},
  year =	 1979,
  volume =	 8,
  pages =	 {297-313},
  note =	 {Reprinted with a postscript in
                  \cite{Shanker1988}, pp.~131--154}
}

@Article{Detlefsen1990,
  author =	 {Michael Detlefsen},
  title =	 {On an alleged refutation of {H}ilbert's program
                  using {G}\"odel's first incompleteness theorem},
  journal =	 {Journal of Philosophial Logic},
  year =	 1990,
  volume =	 19,
  pages =	 {343--377}
}

@Book{Detlefsen1986,
  author =	 {Michael Detlefsen},
  year =	 1986,
  title =	 {Hilbert's Program},
  publisher =	 {Reidel},
  address =	 {Dordrecht}
}

@INPROCEEDINGS{Detlefsen1992,
  author =	 {Michael Detlefsen},
  editor =	 {Johannes Czermak},
  year =	 1992,
  title =	 {The {K}antian character of {H}ilbert's formalism},
  booktitle =	 {Philosophie der Mathematik. Akten des
                  15. Internationalen Wittgenstein-Symposiums},
  volume =	 1,
  pages =	 {195--205},
  publisher =	 {H\"older-Pichler-Tempsky},
  address =	 {Vienna}
}

@Article{Detlefsen1993,
  author =	 {Michael Detlefsen},
  year =	 1993,
  title =	 {{H}ilbert's formalism},
  journal =	 {Revue Internationale de Philosophie},
  volume =	 47,
  number =	 4,
  pages =	 {285--304}
}

@INCOLLECTION{Detlefsen1998,
  author =	 {Michael Detlefsen},
  year =	 1998,
  title =	 {Constructive existence claims},
  pages =	 {307--335},
  crossref =	 {Schirn1998}
}

@Article{Detlefsen2001,
  author =	 {Michael Detlefsen},
  title =	 {What Does {G}\"odel's Second Theorem Say?},
  journal =	 {Philosophia Mathematica},
  year =	 2001,
  volume =	 9,
  pages =	 {37--71}
}

@InCollection{Detlefsen2005,
  author =	 {Michael Detlefsen},
  title =	 {Formalism},
  booktitle =	 {The Oxford Handbook of Philosophy of Mathematics and
                  Logic},
  pages =	 {236--317},
  publisher =	 {Oxford University Press},
  year =	 2005,
  editor =	 {Stewart Shapiro},
  address =	 {New York and Oxford}
}

@Book{Dumitriu1977,
  author =	 {Anton Dumitriu},
  title =	 {History of Logic},
  publisher =	 {Abacus Press},
  year =	 1977,
  address =	 {Tunbridge Wells}
}

@Article{Dreben1963,
  author =	 {Burton Dreben and Peter Andrews and St{\aa}l
                  Aanderaa},
  title =	 {False lemmas in {H}erbrand},
  journal =	 {Bulletin of the American Methematical Society},
  volume =	 69,
  year =	 1963,
  pages =	 {699--706}
}

@Book{Dreben1979,
  author =	 {Burton Dreben and Warren Goldfarb},
  title =	 {The Decision Problem},
  publisher =	 {Addison-Wesley},
  year =	 1979
}

@inbook{Dreben1986,
  author =	 {Burton Dreben and Jean van Heijenoort},
  year =	 1986,
  title =	 {Introductory note to {G}{\"o}del 1929, 1930 and
                  1930a},
  crossref =	 {Godel1986},
  pages =	 {44--59}
}

@Book{Dummett1977,
  author =	 {Michael Dummett},
  title =	 {Elements of Intuitionism},
  publisher =	 {Oxford University Press},
  year =	 1977,
  address =	 {Oxford},
  note =	 {Second edition 2000}
}

@Article{Etchemendy1988,
  author =	 {John Etchemendy},
  year =	 1988,
  title =	 {Tarski on Truth and Logical Consequence},
  journal =	 {Journal of Symbolic Logic},
  volume =	 53,
  pages =	 {51--79}
}

@book{Etchemendy1990,
  author =	 {John Etchemendy},
  year =	 1990,
  title =	 {The Concept of Logical Consequence},
  publisher =	 {Harvard University Press},
  address =	 {Cambridge, MA}
}

@Book{Ewald1996,
  editor =	 {William Bragg Ewald},
  year =	 1996,
  title =	 {From {K}ant to {H}ilbert. {A} Source Book in the
                  Foundations of Mathematics},
  volume =	 2,
  publisher =	 {Oxford University Press},
  address =	 {Oxford}
}

@Article{Feferman1960,
  author =	 {Solomon Feferman},
  title =	 {Arithmetization of metamathematics in a general
                  setting},
  journal =	 {Fundamenta Mathematicae},
  year =	 1960,
  key =		 49,
  pages =	 {35--92}
}

@Article{Feferman1988a,
  author =	 {Solomon Feferman},
  title =	 {Hilbert's Program relativized: Proof-theoretical
                  and foundational reductions},
  journal =	 {Journal of Symbolic Logic},
  year =	 1988,
  volume =	 53,
  number =	 2,
  pages =	 {364--284}
}

@InProceedings{Feferman1993,
  author =	 {Solomon Feferman},
  title =	 {What rests on what? {T}he proof-theoretic analysis
                  of mathematics},
  booktitle =	 {Philosophy of Mathematics. Proceedings of the
                  Fifteenth International Wittgenstein-Symposium,
                  Part~1},
  pages =	 {147--171},
  year =	 1993,
  editor =	 {Johannes Czermak},
  address =	 {Vienna},
  publisher =	 {H\"older-Pichler-Tempsky},
  annote =	 {Reprinted in \cite{Feferman1998}, Ch.~10,
                  pp.~187--208}
}

@Article{Feferman1993a,
  author =	 {Solomon Feferman},
  title =	 {Why a little bit goes a long way: {L}ogical
                  foundations of scientifically applicable
                  mathematics},
  journal =	 {Proceedings of the Philosophy of Science Association
                  1992},
  year =	 1993,
  volume =	 2,
  pages =	 {442--455},
  note =	 {Reprinted in \cite{Feferman1998}, Ch.~14,
                  pp.~284--298}
}

@incollection{Feferman2002,
  author =	 {Solomon Feferman},
  title =	 {Tarski's conceptual analysis of semantical notions},
  booktitle =	 {S\'emantique et \'epist\'emologie},
  editor =	 {Ali Benmakhlouf},
  year =	 2004,
  pages =	 {79--108},
  publisher =	 {Editions Le Fennec and J.~Vrin},
  address =	 {Casablanca and Paris}
}

@Article{Feferman1984,
  author =	 {Solomon Feferman},
  title =	 {Kurt {G}\"odel: conviction and caution},
  journal =	 {Philosophia naturalis},
  year =	 1984,
  volume =	 21,
  pages =	 {546--562},
  note =	 {Reprinted in \cite{Feferman1998}, pp.~150--164}
}

@InProceedings{Feferman1988,
  author =	 {Solomon Feferman},
  title =	 {Weyl vindicated: ``{D}as {K}ontinuum'' 70 years
                  later},
  booktitle =	 {Atti del Congresso Temi e prospettive della logica e
                  della filosofia della scienza contemporanee. Cesena
                  7-10 gennaio 1987, Vol.~I},
  pages =	 {59-93},
  year =	 1988,
  address =	 {Bologna},
  publisher =	 {CLUEB},
  note =	 {Reprinted in \cite{Feferman1998}, pp.~249--283}
}

@Book{Feferman1998,
  author =	 {Solomon Feferman},
  title =	 {In the Light of Logic},
  publisher =	 {Oxford University Press},
  year =	 1998,
  address =	 {New York and Oxford}
}

@InCollection{Feferman1986,
  author =	 {Solomon Feferman},
  title =	 {G\"odel's Life and Work},
  crossref =	 {Godel1986},
  year =	 1986,
  pages =	 {1--36}
}

@InCollection{Feferman1999,
  author =	 {Solomon Feferman},
  title =	 {Tarski and {G}\"odel: between the lines},
  booktitle =	 {Alfred Tarski and the Vienna Circle},
  pages =	 {53-63},
  publisher =	 {Kluwer},
  year =	 1999,
  editor =	 {Jan Wolenski and Eckehart K�hler},
  address =	 {Dordrecht}
}

@Article{Feferman2000,
  author =	 {Solomon Feferman},
  title =	 {Does reductive proof theory have a viable
                  rationale?},
  journal =	 {Erkenntnis},
  year =	 2000,
  volume =	 53,
  pages =	 {63--96}
}

@incollection{Feferman2004,
  author =	 {Solomon Feferman},
  editor =	 {Stewart Shapiro},
  title =	 {Predicativity},
  booktitle =	 {The Oxford Handbook of the Philosophy of Mathematics
                  and Logic},
  publisher =	 {Oxford University Press},
  address =	 {New York},
  year =	 2004
}

@Article{Ferreiros2001,
  author =	 {Jos\'e Ferreiros},
  title =	 {The road to modern logic---an interpretation},
  journal =	 {Bulletin of Symbolic Logic},
  volume =	 7,
  pages =	 {441--484},
  year =	 2001
}

@Book{Ferreiros1999,
  author =	 {Jos\'e Ferreiros},
  title =	 {Labyrinth of Thought. {A} History of Set Theory and
                  its Role in Modern Mathematics},
  publisher =	 {Birkh{\"a}user},
  year =	 1999,
  address =	 {Basel}
}

@Book{Field1980,
  author =	 {Hartry Field},
  title =	 {Science without Numbers. A Defence of Nominalism},
  publisher =	 {Princeton University Press},
  year =	 1980,
  address =	 {Princeton}
}

@Book{Fraenkel1919,
  author =	 {Adolf Abraham Fraenkel},
  title =	 {Einleitung in die {M}engenlehre},
  publisher =	 {Springer},
  year =	 1919,
  address =	 {Berlin},
  edition =	 {1st}
}

@Article{Fraenkel1921,
  author =	 {Adolf Abraham Fraenkel},
  title =	 {\"{U}ber die {Z}ermelosche {B}egr\"{u}ndung der
                  {M}engenlehre},
  journal =	 {Jahres\-bericht der Deut\-schen
                  Mathe\-matiker-Ver\-eini\-gung},
  year =	 1921,
  volume =	 30,
  pages =	 {97-98}
}

@Article{Fraenkel1922a,
  author =	 {Adolf Abraham Fraenkel},
  title =	 {Zu den {G}rundlagen der {C}antor-{Z}ermeloschen
                  {M}engenlehre},
  journal =	 {Mathe\-ma\-tische An\-nalen},
  year =	 1922,
  volume =	 86,
  pages =	 {230--237}
}

@Article{Fraenkel1922b,
  author =	 {Adolf Abraham Fraenkel},
  title =	 {Der {B}egriff ``definit'' und die
                  {U}nabh\"{a}ngigkeit des {A}uswahlaxioms},
  journal =	 {Sitzungsberichte der Preussischen Akademie der
                  Wissenschaften, physikalische-mathematische Klasse},
  year =	 1922,
  pages =	 {253-257},
  note =	 {{E}nglish translation in
                  \cite{Heijenoort1967}, pp.~253-257}
}

@Article{Fraenkel1922c,
  author =	 {Adolf Abraham Fraenkel},
  title =	 {Axiomatische {B}egr\"{u}ndung der transfiniten
                  {K}ardinalzahlen.~{I}},
  journal =	 {Mathe\-mati\-sche Zeit\-schrift},
  year =	 1922,
  volume =	 13,
  pages =	 {153--188}
}

@Book{Fraenkel1923,
  author =	 {Adolf Abraham Fraenkel},
  title =	 {Einleitung in die {M}engenlehre},
  publisher =	 {Springer},
  year =	 1923,
  address =	 {Berlin},
  edition =	 {2nd}
}

@Article{Fraenkel1925,
  author =	 {Adolf Abraham Fraenkel},
  title =	 {Untersuchungen {\"u}ber die {G}rundlagen der
                  {M}engenlehre},
  journal =	 {Mathe\-mati\-sche Zeit\-schrift},
  year =	 1925,
  volume =	 22,
  pages =	 {250--273}
}

@Book{Fraenkel1928,
  author =	 {Adolf Abraham Fraenkel},
  title =	 {Einleitung in die {M}engenlehre},
  publisher =	 {Springer},
  year =	 1928,
  address =	 {Berlin},
  edition =	 {3rd}
}

@Book{Fraenkel1973,
  author =	 {Abraham A. Fraenkel and Azriel Levy},
  title =	 {Foundations of Set Theory},
  publisher =	 {North-Holland},
  year =	 1973,
  address =	 { Amsterdam}
}

@Book{Franchella1994,
  author =	 {Miriam Franchella},
  title =	 {L. {E}. {J}. {B}rouwer Pensatore Eterodosso},
  publisher =	 {Guerini},
  year =	 1994,
  address =	 {Milano}
}

@Book{Frege1979,
  author =	 {Gottlob Frege},
  title =	 {Begriffsschrift, eine der arithmetischen
                  nachgebildete {F}ormelsprache des reinen {D}enkens},
  publisher =	 {Nebert},
  year =	 1879,
  address =	 {Halle},
  note =	 {Reprinted in \cite{Frege1993}, translated in
                  \cite{Heijenoort1967}, pp.~1--82}
}

@Book{Frege1993,
  author =	 {Gottlob Frege},
  editor =	 {Ignacio Angelelli},
  title =	 {Begriffsschrift und andere {A}ufs\"atze},
  publisher =	 {Olms},
  year =	 1993,
  address =	 {Hildesheim},
  edition =	 {2nd}
}

@Book{Frege1993a,
  author =	 {Gottlob Frege},
  title =	 {Grundgesetze der {A}rithmetik, begriffsschriftlich
                  abgeleitet},
  publisher =	 {Pohle},
  year =	 1893,
  volume =	 1,
  address =	 {Jena},
  note =	 {Partial translation in \cite{Frege1964}}
}

@Book{Frege1903,
  author =	 {Gottlob Frege},
  title =	 {Grundgesetze der {A}rithmetik, begriffsschriftlich
                  abgeleitet},
  publisher =	 {Pohle},
  year =	 1903,
  volume =	 2,
  address =	 {Jena},
  note =	 {Partial translation in \cite{Frege1964}}
}

@Book{Frege1964,
  author =	 {Gottlob Frege},
  title =	 {Basic Laws of Arithmetic},
  publisher =	 {University of California Press},
  year =	 1964,
  address =	 {Berkeley and Los Angeles},
  note =	 {Translated and with an introduction by Montgomery
                  Furth}
}

@InCollection{Freguglia1985,
  author =	 {Paolo Freguglia},
  title =	 {Il calcolo geometrico ed i fondamenti della
                  geometria},
  crossref =	 {Borga1985},
  pages =	 {174--236},
  year =	 1985
}

@incollection{Gandy1995,
  author =	 {Gandy, Robin},
  title =	 {The Confluence of Ideas in 1936},
  booktitle =	 {The Universal {T}uring Machine},
  editor =	 {Herken, Rolf},
  crossref =	 {Herken1995},
  year =	 1995,
  isbn =	 {3-211-82637-8},
  pages =	 {51--102},
  numpages =	 52,
  publisher =	 {Springer},
  address =	 {Secaucus, NJ},
} 

@book{Garciadiego1992,
  author =	 {Alejandro R. Garciadiego},
  year =	 1992,
  title =	 {Bertrand {R}ussell and the Origins of Set-theoretic
                  ``Paradoxes''},
  publisher =	 {Birkh\"{a}user},
  address =	 {Basel}
}

@book{Geiger1924,
  author =	 {M. Geiger},
  year =	 1924,
  title =	 {Systematische {A}xiomatik der {E}uklidischen
                  {G}eometrie},
  publisher =	 {Filser Verlag},
  address =	 {Augsburg}
}

@unpublished{Gentzen1933,
  author =	 {Gerhard Gentzen},
  title =	 {\"{U}ber das {V}erh\"{a}ltnis zwischen
                  intuitionistischer und klassischer {L}ogik},
  year =	 1933,
  note =	 {First published in \emph{Archiv f\"ur mathematische
                  Logik und Grundlagenforschung}~16 (1974),
                  119--132. {E}nglish translation in
                  \cite{Gentzen1969}, pp.~53--67}
}

@Article{Gentzen1933a,
  author =	 {Gerhard Gentzen},
  year =	 1933,
  title =	 {{\"U}ber die {E}xistenz unabh\"angiger
                  {A}xiomensysteme zu unendlichen {S}atzsystemen},
  journal =	 {Mathe\-ma\-tische An\-nalen},
  volume =	 107,
  pages =	 {329--350},
  note =	 {{E}nglish translation in
                  \cite{Gentzen1969}, pp.~29--52}
}

@Article{Gentzen1934,
  author =	 {Gerhard Gentzen},
  year =	 1934,
  title =	 {Untersuchungen \"uber das logische {S}chlie\ss en
                  {I--II}},
  journal =	 {Mathe\-mati\-sche Zeit\-schrift},
  volume =	 39,
  pages =	 {176--210, 405--431},
  note =	 {{E}nglish translation in
                  \cite{Gentzen1969}, pp.~68--131}
}

@unpublished{Gentzen1935,
  author =	 {Gerhard Gentzen},
  title =	 {Die {W}iderspruchsfreiheit der reinen
                  {Z}ahlentheorie},
  year =	 1935,
  note =	 {Published as ``Der erste Widerspruchsfreiheitsbeweis
                  f\"ur die klassische Zahlentheorie'' in \emph{Archiv
                  f\"ur mathematische Logik und
                  Grundlagenforschung}~16 (1974), 97--118. {E}nglish
                  translation in \cite{Gentzen1969}, pp.~132--213}
}

@Article{Gentzen1936,
  author =	 {Gerhard Gentzen},
  title =	 {Die {W}iderspruchsfreiheit der reinen
                  {Z}ahlentheorie},
  journal =	 {Mathe\-ma\-tische An\-nalen},
  year =	 1936,
  volume =	 112,
  pages =	 {493--565},
  note =	 {{E}nglish translation in
                  \cite{Gentzen1969}, pp.~132--213}
}

@Article{Gentzen1943,
  author =	 {Gerhard Gentzen},
  title =	 {Beweisbarkeit und {U}nbeweisbarket von
                  {A}nfangsf\"allen der transfiniten {I}nduktion in
                  der reinen {Z}ahlentheorie},
  journal =	 {Mathe\-ma\-tische An\-nalen},
  year =	 1943,
  volume =	 119,
  pages =	 {140--161},
  note =	 {English translation in
                  \cite{Gentzen1969}, pp.~287--308}
}

@Book{Gentzen1969,
  author =	 {Gerhard Gentzen},
  editor =	 {M. E. Szabo},
  year =	 1969,
  title =	 {The Collected Papers of {G}erhard {G}entzen},
  booktitle =	 {The Collected Papers of {G}erhard {G}entzen},
  publisher =	 {North-Holland},
  address =	 {Amsterdam}
}

@Book{Giaquinto2002,
  author =	 {Marcus Giaquinto},
  title =	 {The Search for Certainty},
  publisher =	 {Oxford University Press},
  year =	 2002,
  address =	 {Oxford}
}

@Article{Giaquinto1983,
  author =	 {Marcus Giaquinto},
  year =	 1983,
  title =	 {Hilbert's philosophy of mathematics},
  journal =	 {British Journal for Philosophy of Science},
  volume =	 34,
  pages =	 {119--132}
}

@Article{Glivenko1928,
  author =	 {Valerii Glivenko},
  title =	 {Sur la logique de {M}.~{B}rouwer},
  journal =	 {Acad\'{e}mie Royale de Belgique, Bulletin},
  year =	 1928,
  volume =	 14,
  pages =	 {225--228}
}

@Article{Glivenko1929,
  author =	 {Valerii Glivenko},
  title =	 {Sur quelques points de la logique de {M}.~{B}rouwer},
  journal =	 {Acad\'{e}mie Royale de Belgique, Bulletin},
  year =	 1929,
  volume =	 15,
  pages =	 {183-188},
  note =	 {{E}nglish translation in
                  \cite{Mancosu1998}, pp.~301--305}
}

@PHDTHESIS{Godel1929,
  author =	 {Kurt G{\"{o}}del},
  year =	 1929,
  title =	 {{\"{U}}ber die {V}ollst{\"{a}}ndigkeit des
                  {L}ogikkalk{\"{u}}ls [On the Completeness of the Calculus of Logic]},
  note =	 {Reprinted and translated in
                  \cite{Godel1986}, pp.~60--101},
  school =	 {Universit{\"{a}}t Wien},
  type =	 {Dissertation}
}

@Article{Godel1930,
  author =	 {Kurt G{\"o}del},
  title =	 {Die {V}ollst\"andigkeit der {A}xiome des logischen
                  {F}unktionenkalk\"uls},
  journal =	 {Monatshefte f\"ur Mathematik und Physik},
  year =	 1930,
  volume =	 37,
  pages =	 {349--360},
  note =	 {Reprinted and translated in
                  \cite{Godel1986}, pp.~102--123}
}

@unpublished{Godel1930a,
  author =	 {Kurt G{\"o}del},
  title =	 {Vortrag \"{u}ber die {V}ollst\"{a}ndigkeit des
                  Logikkalk\"{u}ls},
  year =	 1930,
  note =	 {Published and translated in
                  \cite{Godel1995}, pp.~16--28}
}

@Article{Godel1930b,
  author =	 {Kurt G{\"odel}},
  title =	 {Einige metamathematische {R}esultate \"uber
                  {E}ntscheidungsdefinitheit und
                  {W}iderspruchsfreiheit},
  journal =	 {Anzeiger der Akademie der Wissenschaften in Wien},
  volume =	 67,
  pages =	 {214--215},
  year =	 1930,
  note =	 {Reprinted and translated in
                  \cite{Godel1986}, pp.~140--143}
}

@Article{Godel1931,
  author =	 {Kurt G{\"{o}}del},
  title =	 {{\"{U}}ber formal unentscheidbare {S}{\"{a}}tze der
                  \emph{Principia Mathematica} und verwandter
                  {S}ysteme {I} [{O}n {F}ormally {U}ndecidable {P}ropositions
		of \emph{Principia Mathematica} and {R}elated {S}ystems {I}]},
  journal =	 {Monatshefte f{\"{u}}r Mathematik und Physik},
  year =	 1931,
  volume =	 38,
  pages =	 {173--198},
  note =	 {Reprinted and translated in
                  \cite{Godel1986}, pp.~144--195},
  doi = {10.1007/BF01700692}
}

@Article{Godel1932,
  author =	 {Kurt G{\"o}del},
  year =	 1932,
  title =	 {Zum intuitionistischen {A}ussagenkalk\"ul},
  journal =	 {Anzeiger der Akademie der Wissenschaften in Wien,
                  Mathematisch-Naturwissenschaftliche Klasse},
  volume =	 69,
  pages =	 {65--66},
  note =	 {Reprinted and translated in
                  \cite[pp.~222--225]{Godel1986}}
}

@Article{Godel1932a,
  author =	 {Kurt G{\"o}del},
  year =	 1932,
  title =	 {Ein {S}pezialfall des {E}ntscheidungsproblem der
                  theoretischen {L}ogik},
  journal =	 {Ergebnisse eines mathematischen Kolloquiums},
  volume =	 2,
  pages =	 {27--28},
  note =	 {Reprinted and translated in
                  \cite[pp.~130--235]{Godel1986}}
}

@Article{Godel1932b,
  author =	 {Kurt G{\"o}del},
  year =	 1932,
  title =	 {Eine {E}igenschaft der {R}ealisierungen des
                  {A}ussagenkalk\"{u}ls},
  journal =	 {Ergenbnisse eines mathematischen Kolloquiums},
  volume =	 2,
  pages =	 {20--21},
  note =	 {Reprinted and translated in
                  \cite[pp.~238--241]{Godel1986}}
}

@Article{Godel1933,
  author =	 {Kurt G{\"o}del},
  year =	 1933,
  title =	 {Zum {E}ntscheidungsproblem des logischen
                  {F}unktionenkalk\"{u}ls},
  journal =	 {Monatshefte f\"{u}r Mathematik und Physik},
  volume =	 40,
  pages =	 {433--443},
  note =	 {Reprinted and translated in
                  \cite[pp.~306--327]{Godel1986}}
}

@Article{Godel1933a,
  author =	 {Kurt G{\"o}del},
  title =	 {Eine {I}nterpretation des intuitionistischen
                  {A}ussagenkalk\"{u}ls},
  journal =	 {Ergebnisse eines mathematisches Kolloquiums},
  year =	 1933,
  volume =	 4,
  pages =	 {39--40},
  note =	 {Reprinted and translated in
                  \cite[pp.~300--303]{Godel1986}}
}

@Article{Godel1933b,
  author =	 {Kurt G{\"o}del},
  title =	 {Zur intuitionistischen {A}rithmetik und
                  {Z}ahlentheorie},
  journal =	 {Ergebnisse eines mathematisches Kolloquiums},
  year =	 1933,
  volume =	 4,
  pages =	 {34--38},
  note =	 {Reprinted and translated in
                  \cite[pp.~286--295]{Godel1986}}
}

@Article{Godel1936,
  author =	 {Kurt G{\"o}del},
  title =	 {\"{U}ber die {L}\"ange von {B}eweisen},
  journal =	 {Ergebnisse eines mathematisches Kolloquiums},
  year =	 1936,
  volume =	 7,
  pages =	 {23--24},
  note =	 {Reprinted and translated in
                  \cite[pp.~394--399]{Godel1986}}
}

@Book{Godel1940,
  author =	 {Kurt G{\"o}del},
  title =	 {The Consistency of the Axiom of Choice and of the
                  Generalized Continuum Hypothesis},
  publisher =	 {Princeton University Press},
  year =	 1940,
  series =	 {Annals of Mathematics Studies, vol. 3},
  address =	 {Princeton, N.J.},
  note =	 {Reprinted in \cite[pp.~1--101]{Godel1990}}
}

@incollection{Godel1944,
  author =	 {Kurt G\"odel},
  title =	 {Russell's mathematical logic},
  booktitle =	 {The Philosophy of Bertrand Russell},
  editor =	 {Paul Arthur Schilpp},
  publisher =	 {Open Court},
  address =	 {La Salle, Ill.},
  year =	 1944,
  pages =	 {125--153},
  note =	 {Reprinted in \cite[pp.~102--141]{Godel1990}}
}

@misc{Godel1934,
  author =	 {Kurt G{\"o}del},
  title =	 {On undecidable propositions of formal mathematical
                  systems},
  year =	 1934,
  note =	 {Lecture notes by Stephen C. Kleene and J. Barkely
                  Rosser, Princeton University. Reprinted in
                  \cite[pp.~338--371]{Godel1986}}
}

@InCollection{Godel1946,
  author =	 {Kurt G{\"o}del},
  title =	 {Remarks before the {P}rinceton bicentennial
                  conference on problems in mathematics},
  booktitle =	 {Collected Works},
  crossref =	 {Godel1990},
  year =	 1946,
  pages =	 {144--153}
}

@Article{Godel1958,
  author =	 {Kurt G{\"o}del},
  title =	 {\"{U}ber eine bisher noch nicht ben\"utze
                  {E}rweiterung des finiten Standpunktes},
  journal =	 {Dialectica},
  year =	 1958,
  pages =	 {280--287},
  note =	 {Reprinted and translated in
                  \cite[pp.~217--251]{Godel1990}}
}

@Book{Godel1986,
  title={Kurt G{\"o}del: Collected Works. Vol. 1: Publications 1929-1936},
  author={Feferman, Solomon and Dawson Jr, John W and Kleene, Stephen C and Moore, Gregory H and Solovay, Robert M and van Heijenoort, Jean},
  year={1986},
  publisher={Oxford University Press},
 address={Oxford}
}

@Book{Godel1990,
  title={Kurt G{\"o}del: Collected Works. Vol. 2: Publications 1938-1974},
  author={Feferman, Solomon and Dawson Jr, John W and Kleene, Stephen C and Moore, Gregory H and Solovay, Robert M and van Heijenoort, Jean},
  year={1990},
  publisher={Oxford University Press},
  address={Oxford}
}

@book{Smith2013,
  title={An Introduction to G{\"o}del's Theorems},
  author={Smith, Peter},
  year={2013},
  publisher={Cambridge University Press},
  address={Cambridge}
}

%%Biographies
@book{Wang1990,
  title={Reflections on Kurt G{\"{o}}del},
  author={Wang, Hao},
  year={1990},
  publisher={MIT Press},
  address={Cambridge}
}

@book{Baaz2011,
  title={Kurt G{\"{o}}del and the Foundations of Mathematics: Horizons of Truth},
  author={Baaz, Matthias and Papadimitriou, Christos H and Putnam, Hilary W and Scott, Dana S and Harper Jr, Charles L},
  year={2011},
  publisher={Cambridge University Press},
  address={Cambridge}
}

@book{Dawson1997,
  title={Logical Dilemmas: The Life and Work of Kurt G{\"{o}}del},
  author={Dawson Jr, John},
  year={1997},
  publisher={CRC Press},
  address={Boca Raton}
}

@book{Takeuti2003,
  title={Memoirs of a Proof Theorist: G{\"{o}}del and Other Logicians},
  author={Takeuti, Gaisi and Passell, Nicholas and Yasugi, Mariko},
  year={2003},
  publisher={World Scientific},
  address={Singapore}
}


@article{Sigmund2007,
  title={Kurt G{\"{o}}del. das Album--The Album},
  author={Sigmund, Karl and Dawson, John and M{\"{u}}hlberger, Kurt and Enzensberger, Hans Magnus and Kennedy, Juliette},
  journal={The Mathematical Intelligencer},
  volume={29},
  number={3},
  pages={73--76},
  year={2007},
  publisher={Springer}
}


@misc{Linsenmayer2014,
  author={Linsenmayer, Mark},
  title={{T}he {P}artially {E}xamined {L}ife: G{\"{o}}del on {M}ath},
  year={2014},
  note={Podcast audio},
  howpublished = "\url{http://www.partiallyexaminedlife.com/2014/06/16/ep95-godel/}"
}


@misc{Society2015,
  author={Beckmann, Arnold and Preining, Norbert},
  title={Kurt G{\"{o}}del Society},
  year = {2004},
 howpublished = "\url{http://kgs.logic.at/index.php?id=2}"
    }

@incollection{Goldfarb2001,
  author =	 {Warren D. Goldfarb},
  title =	 {Frege's conception of logic},
  editor =	 {Juliet Floyd and Sanford Shieh},
  booktitle =	 {Future Pasts: the Analytic Tradition in
                  Twentieth-Century Philosophy},
  publisher =	 {Oxford University Press},
  address =	 {New York},
  pages =	 {25--41},
  year =	 2001
}

@Book{Goldfarb1971,
  author =	 {Jaques Herbrand},
  editor =	 {Warren D. Goldfarb},
  translator =	 {Warren D. Goldfarb},
  title =	 {Logical Writings},
  publisher =	 {Harvard University Press},
  year =	 1971
}

@Article{Goldfarb1979,
  author =	 {Warren D. Goldfarb},
  year =	 1979,
  title =	 {Logic in the twenties: the nature of the quantifier},
  journal =	 {Journal of Symbolic Logic},
  volume =	 44,
  pages =	 {351--368}
}

@incollection{Goldfarb1989,
  author =	 {Warren D. Goldfarb},
  year =	 1989,
  title =	 {Russell's reasons for ramification},
  editor =	 {C. W. Savage and C. A. Anderson},
  booktitle =	 {Rereading {R}ussell},
  publisher =	 {University of Minnesota Press},
  address =	 {Minneapolis},
  paegs =	 {24--40}
}

@inbook{Goldfarb1995,
  author =	 {Warren D. Goldfarb},
  year =	 1995,
  title =	 {Introductory note to {G}{\"o}del *1930c},
  crossref =	 {Godel1995},
  pages =	 {13--15}
}

@Article{Goldfarb1993,
  author =	 {Warren D. Goldfarb},
  title =	 {Herbrand's Error and {G}\"odel's Correction},
  journal =	 {Modern Logic},
  year =	 1993,
  volume =	 3,
  pages =	 {103--118}
}

@Article{Gomez-Torrente1996,
  author =	 {Mario Gomez-Torrente},
  year =	 1996,
  title =	 {Tarski on logical consequence},
  journal =	 {Notre Dame Journal of Formal Logic},
  volume =	 37,
  pages =	 {125--151}
}

@incollection{Granger1998,
  author =	 {Gilles Gaston Granger},
  year =	 1998,
  title =	 {Le probl\`{e}me du fondement selon {T}arski},
  editor =	 {F. Nef and D. Vernant},
  booktitle =	 {Le Formalisme en Question. Le Tournant des
                  Ann\'{e}es 30},
  publisher =	 {Vrin},
  address =	 {Paris},
  pages =	 {37--47}
}

@Book{Grattan-Guinness2000,
  author =	 {Ivor Grattan-Guinness},
  title =	 {The Search For Mathematical Roots
                  1870--1940. Logics, Set Theories and the Foundations
                  of Mathematics from {C}antor through {R}ussell to
                  {G}{\"o}del},
  publisher =	 {Princeton University Press},
  year =	 2000,
  address =	 {Princeton, N.J.}
}

@book{Grattan-Guinness1977,
  author =	 {Ivor Grattan-Guinness},
  year =	 1977,
  title =	 {Dear {R}ussell---{D}ear {J}ourdain},
  publisher =	 {Duckworth},
  address =	 {London}
}

@Article{Guaspari1979,
  author =	 {D. Guaspari and R. M. Solovay},
  title =	 {Rosser sentences},
  journal =	 {Annals of Mathematical Logic},
  year =	 1979,
  volume =	 16,
  pages =	 {81--99}
}

@incollection{Guillaume1994,
  author =	 {Guillaume, Marcel},
  year =	 1994,
  title =	 {La logique math\'{e}matique en sa jeunesse},
  editor =	 {J.-P. Pier},
  booktitle =	 {Development of Mathematics 1900--1950},
  publisher =	 {Birkh\"{a}user},
  address =	 {Basel, Boston, Berlin},
  pages =	 {185--367}
}



@booklet{HaasStemmler1981,
  author =	 {Gerrit Haas and Elke Stemmler},
  title =	 {Der {N}achlass {H}einrich {B}ehmanns},
  note =	 {Aachener Schriften zur Wissenschaftstheorie, Logik
                  und Logikgeschichte~1},
  year =	 1981,
  number =	 1
}

@Book{Hallett1984,
  author =	 {Michael Hallett},
  title =	 {Cantorian Set Theory and Limitation of Size},
  publisher =	 {Oxford University Press},
  year =	 1984,
  address =	 {Oxford}
}

@INCOLLECTION{Hallett1995,
  author =	 {Michael Hallett},
  year =	 1995,
  title =	 {Hilbert and logic},
  pages =	 {135--187},
  crossref =	 {Marion1995}
}

@Book{Hale2001,
  author =	 {Bob Hale and Crispin Wright},
  title =	 {The Reason's Proper Study. {E}ssays Towards a
                  Neo-{F}regean Philosophy of Mathematics},
  publisher =	 {Oxford University Press},
  year =	 2001,
  address =	 {Oxford}
}

@InCollection{Hallett1996,
  author =	 {Michael Hallett},
  title =	 {Introduction to {Z}ermelo 1930},
  pages =	 {1208--1218},
  year =	 1996,
  crossref =	 {Ewald1996}
}

@INCOLLECTION{Hallett1990,
  author =	 {Michael Hallett},
  editor =	 {Andrew D. Irvine},
  year =	 1990,
  title =	 {Physicalism, reductionism and {H}ilbert},
  booktitle =	 {Physicalism in Mathemtics},
  pages =	 {183--257},
  publisher =	 {Reidel},
  address =	 {Dordrecht}
}

@INCOLLECTION{Hallett1994,
  author =	 {Michael Hallett},
  year =	 1994,
  title =	 {Hilbert's axiomatic method and the laws of thought},
  pages =	 {158--200},
  crossref =	 {George1994}
}

@Book{Hart1996,
  editor =	 {W. D. Hart},
  title =	 {The Philosophy of Mathematics},
  publisher =	 {Oxford University Press},
  year =	 1996,
  address =	 {Oxford}
}

@Article{Hartmanis1989,
  author =	 {Juris Hartmanis},
  title =	 {G\"odel, von {N}eumann and the {P}=?{NP} problem},
  journal =	 {Bulletin of the European Association for Theoretical
                  Computer Science (EATCS)},
  year =	 1989,
  volume =	 38,
  pages =	 {101--107}
}

@Article{Hand1990,
  author =	 {Michael Hand},
  year =	 1990,
  title =	 {Hilbert's iterativistic tendencies},
  journal =	 {History and Philosophy of Logic},
  volume =	 11,
  pages =	 {185--192}
}

@InCollection{Paris1977,
  author =	 {Jeff Paris and Leo Harrington},
  title =	 {A mathematical incompleteness in {P}eano arithmetic},
  booktitle =	 {Handbook of Mathematical Logic},
  crossref =	 {Barwise1977},
  pages =	 {1133--1142},
  year =	 1977
}

@Article{Hausdorff1904,
  author =	 {Felix Hausdorff},
  title =	 {Der {P}otenzbegriff in der {M}engenlehre},
  journal =	 {Jahres\-bericht der Deut\-schen
                  Mathe\-matiker-Ver\-eini\-gung},
  year =	 1904,
  volume =	 13,
  pages =	 {569-571}
}

@Book{Hausdorff1914,
  author =	 {Felix Hausdorff},
  title =	 {Grundz�ge der {M}engenlehre},
  publisher =	 {Veit},
  year =	 1914,
  address =	 {Leipzig},
  note =	 {Reprinted by Chelsea, New York, 1965}
}

@Article{Hazen2000,
  author =	 {Allen P. Hazen and Jennifer Davoren},
  title =	 {Russell's 1925 Logic},
  journal =	 {Australasian Journal of Philosophy},
  year =	 2000,
  volume =	 78,
  pages =	 {534--566}
}

@Book{Heijenoort1967,
  editor =	 {Jean van Heijenoort},
  year =	 1967,
  title =	 {From {F}rege to {G}{\"o}del. {A} Source Book in
                  Mathematical Logic, 1879--1931},
  publisher =	 {Harvard University Press},
  address =	 {Cambridge, Mass.}
}

@InCollection{Hazen2004,
  author =	 {Allen P. Hazen},
  editor =	 {Godehard Link},
  title =	 {A ``constructive'' proper extension of ramified type
                  theory ({T}he logic of \emph{Principia Mathematica},
                  Second edition, Appendix~{B}},
  publisher =	 {de Gruyter},
  year =	 2004,
  pages =	 {449--480},
  booktitle =	 {One Hundred Years of Russell's Paradox}
}

@Article{Heijenoort1967a,
  author =	 {Jean van Heijenoort},
  year =	 1967,
  title =	 {Logic as calculus and logic as language},
  journal =	 {Boston Studies in the Philosophy of Science},
  volume =	 3,
  pages =	 {440--446}
}

@book{Heinzmann1985,
  author =	 {Gerhard Heinzmann},
  year =	 1985,
  title =	 {Entre Intuition et Analyse. {P}oincar\'{e} et le
                  Concept de Pr\'{e}dicativit\'{e}},
  publisher =	 {Albert Blanchard},
  address =	 {Paris}
}

@book{Henkin1974,
  year =	 1974,
  title =	 {Proceedings of the Tarski Symposium: An
                  International Symposium held to honor Alfred Tarski
                  on the occasion of his seventieth birthday},
  booktitle =	 {Proceedings of the Tarski Symposium: An
                  International Symposium held to honor Alfred Tarski
                  on the occasion of his seventieth birthday},
  series =	 {Proceedings of Symposia in Pure Mathematics},
  editor =	 {Leon Henkin and John Addison and Chen Chung Chang
                  and Dana Scott and Robert L. Vaught and W. Craig},
  address =	 {Providence, R.I.},
  publisher =	 {American Mathematical Society},
  volume =	 25
}

@PhdThesis{Herbrand1930,
  author =	 {Jaques Herbrand},
  title =	 {Recherches sur la th{\'e}orie de la
                  d{\'e}monstration},
  school =	 {University of Paris},
  year =	 1930,
  type =	 {Doctoral Dissertation},
  note =	 {{E}nglish translation in
                  \cite[pp.~44--202]{Goldfarb1971}}
}

@Article{Herbrand1931a,
  author =	 {Jaques Herbrand},
  title =	 {Sur le probl{\'e}me fondamental de la logique
                  math{\'e}mathique},
  journal =	 {Sprwozdania z posiedze{\'n} Towarzystwa Naukowego
                  Warszawskiego, Wydzia{\l} III},
  year =	 1931,
  volume =	 24,
  pages =	 {12--56},
  note =	 {{E}nglish translation in
                  \cite[pp.~215--271]{Goldfarb1971}}
}

@Article{Herbrand1931,
  author =	 {Jaques Herbrand},
  title =	 {Sur la non-contradiction de l'arithm{\'e}tique},
  journal =	 {Journal f{\"u}r die Reine und Angewandte Mathematik},
  year =	 1931,
  volume =	 166,
  pages =	 {1--8},
  note =	 {{E}nglish translation in
                  \cite{Heijenoort1967}, pp.~618--628}
}

@Article{Hertz1922,
  author =	 {Paul Hertz},
  year =	 1922,
  title =	 {{\"U}ber die {A}xiomensysteme kleinster {S}atzzahl
                  f{\"u}r ein {S}ystem von {S}\"atzen und den
                  {B}egriff des idealen {E}lementes},
  journal =	 {Jahres\-bericht der Deut\-schen
                  Mathe\-matiker-Ver\-eini\-gung},
  volume =	 31,
  pages =	 {154--157}
}

@Article{Hertz1922a,
  author =	 {Paul Hertz},
  year =	 1922,
  title =	 {{\"U}ber {A}xiomenssysteme f\"ur beliebige
                  {S}atzmengen. {I}. {T}eil},
  journal =	 {Mathe\-ma\-tische An\-nalen},
  volume =	 87,
  pages =	 {246--269}
}

@Article{Hertz1923,
  author =	 {Paul Hertz},
  year =	 1923,
  title =	 {{\"U}ber {A}xiomensysteme f\"ur beliebige
                  {S}atzmengen. {II}. {T}eil},
  journal =	 {Mathe\-ma\-tische An\-nalen},
  volume =	 89,
  pages =	 {76--102}
}

@Article{Hertz1928,
  author =	 {Paul Hertz},
  year =	 1928,
  title =	 {Reichen die \"ublichen syllogistischen {R}egeln
                  f\"ur das {S}chlie{\ss}en in der positiven {L}ogik
                  elementarer {S}\"atze aus?},
  journal =	 {Annalen der Philosophie und philosophischen Kritik},
  volume =	 7,
  pages =	 {272--277}
}

@Article{Hertz1929,
  author =	 {Paul Hertz},
  year =	 1929,
  title =	 {{\"U}ber {A}xiomensysteme f{\"ur} beliebige
                  {S}atzmengen},
  journal =	 {Mathe\-ma\-tische An\-nalen},
  volume =	 101,
  pages =	 {457--514}
}

@book{Hertz1994,
  author =	 {Hertz, Heinrich},
  year =	 1894,
  title =	 {Gesammelte {W}erke III: Die Prinzipien der Mechanik},
  address =	 {Leipzig},
  publisher =	 {Barth},
  note =	 {Translated as \emph{The Principles of Mechanics},
                  New York: Dover, 1956}
}

@book{Hesseling1999,
  author =	 {Dennis E. Hesseling},
  title =	 {Gnomes in the Fog. {T}he reception of {B}rouwer's
                  Intuitionism in the 1920s},
  publisher =	 {Birkh\"auser},
  year =	 2003
}

@article{Hessenberg1906,
  author =	 {Hessenberg, Gerhard},
  year =	 1906,
  title =	 {Grundbegriffe der {M}engenlehre},
  journal =	 {Abhandlungen der Fries'schen Schule, Neue Folge},
  volume =	 1,
  pages =	 {479--706}
}

@Article{Heyting1930b,
  author =	 {Arend Heyting},
  title =	 {Die formalen {R}egeln der intuitionistischen
                  {L}ogik},
  journal =	 {Sitzungsberichte der Preussischen Akademie der
                  Wissenschaften},
  year =	 1930,
  pages =	 {42--56},
  note =	 {{E}nglish translation in
                  \cite[pp.~311--327]{Mancosu1998}}
}

@Article{Heyting1930c,
  author =	 {Arend Heyting},
  title =	 {Die formalen {R}egeln der intuitionistischen
                  {M}athematik},
  journal =	 {Sitzungsberichte der Preussischen Akademie der
                  Wissenschaften},
  year =	 1930,
  pages =	 {57--71}
}

@Article{Heyting1930d,
  author =	 {Arend Heyting},
  title =	 {Die formalen {R}egeln der intuitionistischen
                  {M}athematik},
  journal =	 {Sitzungsberichte der Preussischen Akademie der
                  Wissenschaften},
  year =	 1930,
  pages =	 {158--169}
}

@Article{Heyting1930a,
  author =	 {Arend Heyting},
  title =	 {Sur la logique intuitionniste},
  journal =	 {Acad\'{e}mie Royale de Belgique, Bulletin},
  year =	 1930,
  volume =	 16,
  pages =	 {957--963},
  note =	 {{E}nglish translation in
                  \cite[pp.~306--310]{Mancosu1998}}
}

@Article{Heyting1931,
  author =	 {Arend Heyting},
  title =	 {Die intuitionistische {G}rundlegung der
                  {M}athematik},
  journal =	 {Erkenntnis},
  year =	 1931,
  volume =	 2,
  pages =	 {106-115},
  note =	 {{E}nglish translation in
                  \cite[pp.~52--61]{Benacerraf1983}}
}

@Book{Heyting1934,
  author =	 {Arend Heyting},
  title =	 {Mathematische
                  Grundlagenforschung. Intuitionismus. Beweistheorie},
  publisher =	 {Springer},
  address =	 {Berlin},
  year =	 1934,
  note =	 {Extended French translation in \cite{Heyting1955}}
}

@Book{Heyting1955,
  author =	 {Arend Heyting},
  title =	 {Les Fondements des Math\'{e}matiques. Intuitionisme,
                  Th\'{e}orie de la D\'{e}monstration},
  publisher =	 {Gauthier-Villars},
  year =	 1955,
  address =	 {Paris}
}

@Article{Hilbert1900,
  author =	 {David Hilbert},
  year =	 1900,
  title =	 {{\"U}ber den {Z}ahlbegriff},
  journal =	 {Jahres\-bericht der Deut\-schen
                  Mathe\-matiker-Ver\-eini\-gung},
  volume =	 8,
  pages =	 {180--84},
  note =	 {{E}nglish translation in
                  \cite[pp.~1089--1096]{Ewald1996}}
}

@Article{Hilbert1900a,
  author =	 {David Hilbert},
  year =	 1900,
  title =	 {Mathematische {P}robleme},
  journal =	 {Nachrichten von der K\"oniglichen Gesellschaft der
                  Wissenschaften zu G\"ottingen, Math.-Phys. Klasse},
  pages =	 {253--297},
  note =	 {Lecture given at the International Congress of
                  Mathematicians, Paris, 1900. Partial {E}nglish
                  translation in \cite[pp.~1096--1105]{Ewald1996}}
}

@book{Hilbert1902,
  author =	 {David Hilbert},
  title =	 {Foundations of Geometry},
  note =	 {1st {E}nglish ed},
  publisher =	 {Open Court},
  address =	 {Chicago},
  year =	 1902
}

@inproceedings{Hilbert1902a,
  author =	 {David Hilbert},
  year =	 1902,
  title =	 {Sur les probl\`{e}mes futures des math\'{e}matiques},
  booktitle =	 {Compte rendu du Deuxi\`{e}me congr\`{e}s
                  international des mathematicians tenu \`{a} Paris du
                  6 au 12 ao\^{u}t 1900},
  publisher =	 {Gauthiers-Villars},
  address =	 {Paris}
}

@Book{Hilbert1903,
  author =	 {David Hilbert},
  year =	 1903,
  title =	 {Grundlagen der {G}eometrie},
  edition =	 {2nd},
  publisher =	 {Teubner},
  address =	 {Leipzig}
}

@INPROCEEDINGS{Hilbert1905,
  author =	 {David Hilbert},
  editor =	 {A. Krazer},
  year =	 1905,
  title =	 {{\"U}ber die {G}rundlagen der {L}ogik und der
                  {A}rithmetik},
  booktitle =	 {Verhandlungen des dritten {I}nternationalen
                  {M}athematiker-{K}ongresses in {H}eidelberg vom
                  8. bis 13. {A}ugust 1904},
  pages =	 {174-85},
  note =	 {{E}nglish translation in
                  \cite{Heijenoort1967}, pp.~129--38},
  publisher =	 {Teubner},
  address =	 {Leipzig},
  englishtitle = {On the foundations of logic and arithmetic}
}

@UNPUBLISHED{Hilbert1905a,
  author =	 {David Hilbert},
  year =	 1905,
  title =	 {Logische {P}rincipien des mathematischen {D}enkens},
  note =	 {Vorlesung, Sommer-Semester 1905. Lecture notes by
                  Ernst Hellinger. Unpublished manuscript, 277
                  pp. Bibliothek, Mathematisches Institut,
                  Universit{\"a}t G{\"o}ttingen.  Published in
                  \cite{Hilbert2007}}
}

@Unpublished{Hilbert1910,
  author =	 {David Hilbert},
  title =	 {Elemente und {P}rinzipienfragen der {M}athematik},
  note =	 {Vorlesung, Sommer-Semester 1910. Lecture notes by
                  Richard Courant. Unpublished manuscript, 163
                  pp. Bibliothek, Mathematisches Institut,
                  Universit{\"a}t G{\"o}ttingen. 16.206t14},
  year =	 1910
}

@UNPUBLISHED{Hilbert1917,
  author =	 {David Hilbert},
  year =	 1918,
  title =	 {Prinzipien der {M}athematik},
  note =	 {Lecture notes by Paul Bernays. Winter-Semester
                  1917--18. Unpublished typescript. Bibliothek,
                  Mathematisches Institut, Universit{\"a}t
                  G{\"o}ttingen.  Published in \cite{Hilbert2006}}
}

@Article{Hilbert1918,
  author =	 {David Hilbert},
  year =	 1918,
  title =	 {Axiomatisches {D}enken},
  journal =	 {Mathe\-ma\-tische An\-nalen},
  volume =	 78,
  pages =	 {405--15},
  note =	 {Lecture given at the Swiss Society of
                  Mathematicians, 11 September 1917. Reprinted in
                  \cite[pp.~146--56]{Hilbert1935}. {E}nglish
                  translation in \cite[pp.~1105--1115]{Ewald1996}},
  englishtitle = {Axiomatic thought}
}

@Book{Hilbert1992,
  author =	 {David Hilbert},
  title =	 {Natur und mathematisches {E}rkennen},
  publisher =	 {Birkh\"auser},
  year =	 1992,
  address =	 {Basel},
  note =	 {Vorlesungen, 1919--20}
}

@UNPUBLISHED{Hilbert1920a,
  author =	 {David Hilbert},
  year =	 1920,
  title =	 {Logik-{K}alk\"ul},
  note =	 {Vorlesung, Winter-Semester 1920. Lecture notes by
                  Paul Bernays. Typescript, Bibliothek, Mathematisches
                  Institut, Universit{\"a}t G{\"o}ttingen.  Edited in
                  \cite[pp.~298--341]{Hilbert2013}}
}

@UNPUBLISHED{Hilbert1920b,
  author =	 {David Hilbert},
  year =	 1920,
  title =	 {Probleme der mathematischen {L}ogik},
  note =	 {Vorlesung, Sommer-Semester 1920. Lecture notes by
                  Paul Bernays and Moses Sch{\"o}nfinkel. Typescript,
                  Bibliothek, Mathematisches Institut, Universit{\"a}t
                  G{\"o}ttingen.  Edited in
                  \cite[pp.~432--377]{Hilbert2013}}
}

@UNPUBLISHED{Hilbert1921,
  author =	 {David Hilbert},
  year =	 {1921/22},
  title =	 {Grundlagen der {M}athematik},
  note =	 {Vorlesung, Winter-Semester 1921/22. Lecture notes
                  by Paul Bernays. Typescript, Bibliothek,
                  Mathematisches Institut, Universit{\"a}t
                  G{\"o}ttingen.  Edited in \cite[pp.~431--527]{Hilbert2013}}
}

@Unpublished{Hilbert1921a,
  author =	 {David Hilbert},
  title =	 {Grundlagen der {M}athematik},
  note =	 {Vorlesung, Winter-Semester 1921/22. Lecture notes
                  by Helmut Kneser. Manuscript, three
                  notebooks.  Edited in \cite[pp.~577--598]{Hilbert2013}},
  year =	 {1921/22}
}

@Article{Hilbert1922a,
  author =	 {David Hilbert},
  year =	 1922,
  title =	 {Neubegr{\"u}ndung der {M}athematik: {E}rste
                  {M}itteilung},
  journal =	 {Abhandlungen aus dem Seminar der Hamburgischen
                  Universit{\"a}t},
  volume =	 1,
  pages =	 {157--77},
  note =	 {Series of talks given at the University of Hamburg,
                  July 25--27, 1921. Reprinted with notes by Bernays
                  in \cite[pp.~157--177]{Hilbert1935}. {E}nglish
                  translation in \cite[pp.~198--214]{Mancosu1998}
                  and \cite[pp.~1115--1134]{Ewald1996}},
  englishtitle = {The new grounding of mathematics. {F}irst report}
}

@UNPUBLISHED{Hilbert1922b,
  author =	 {David Hilbert and Paul Bernays},
  year =	 {1922/23},
  title =	 {Logische {G}rundlagen der {M}athematik},
  note =	 {Vorlesung, Winter-Semester 1922/23. Lecture notes
                  by Paul Bernays, with handwritten notes by
                  Hilbert. Hilbert-Nachla\ss, Nieders\"achsische
                  Staats- und Universit\"atsbibliothek,
                  Cod. Ms. Hilbert 567.  Edited in
                  \cite[pp.~528--564]{Hilbert2013}}
}

@UNPUBLISHED{Hilbert1922c,
  author =	 {David Hilbert and Paul Bernays},
  year =	 {1922/23},
  title =	 {Logische {G}rundlagen der {M}athematik},
  note =	 {Vorlesung, Winter-Semester 1922/23. Lecture notes by Helmut
                  Kneser. Manuscript.  Edited in
                  \cite[pp.~599--635]{Hilbert2013}}
}

@Article{Hilbert1923,
  author =	 {David Hilbert},
  year =	 1923,
  title =	 {Die logischen {G}rundlagen der {M}athematik},
  journal =	 {Mathe\-ma\-tische An\-nalen},
  volume =	 88,
  pages =	 {151-165},
  note =	 {Lecture given at the Deutsche
                  Naturforscher-Gesellschaft, September
                  1922. Reprinted in
                  \cite[pp.~178--191]{Hilbert1935}. {E}nglish
                  translation in \cite[pp.~1134--1148]{Ewald1996}},
  englishtitle = {The logical foundations of mathematics}
}

@UNPUBLISHED{Hilbert1924,
  author =	 {David Hilbert},
  year =	 {1924--25},
  title =	 {\"Uber das {U}nendliche},
  note =	 {Vorlesung, Winter-Semester 1924--25. Lecture notes
                  by Lothar Nordheim. Typescript, Bibliothek,
                  Mathematisches Institut, Universit{\"a}t
                  G{\"o}ttingen. Edited in
                  \cite[pp.~656--760]{Hilbert2013}}
}

@Article{Hilbert1926,
  author =	 {David Hilbert},
  year =	 1926,
  title =	 {{\"U}ber {d}as {U}nendliche},
  journal =	 {Mathe\-ma\-tische An\-nalen},
  volume =	 95,
  pages =	 {161--90},
  note =	 {Lecture given M\"unster, 4 June 1925. {E}nglish
                  translation in
                  \cite{Heijenoort1967}, pp.~367--392},
  englishtitle = {On the infinite}
}

@Article{Hilbert1928,
  author =	 {David Hilbert},
  year =	 1928,
  title =	 {Die {G}rundlagen der {M}athematik},
  journal =	 {Abhandlungen aus dem Seminar der Hamburgischen
                  Universit{\"a}t},
  volume =	 6,
  pages =	 {65-85},
  note =	 {Reprinted in \cite{Hilbert2013}, pp.~917--942.
                  {E}nglish translation in
                  \cite{Heijenoort1967}, pp.~464--479},
  englishtitle = {The foundations of mathematics}
}

@INPROCEEDINGS{Hilbert1928a,
  author =	 {David Hilbert},
  editor =	 {Nicola Zanichelli},
  year =	 1928,
  title =	 {Probleme der {G}rundlegung der {M}athematik},
  booktitle =	 {Atti del Congresso Internazionale dei
                  Matematici. 3--10 {S}eptember 1928, {B}ologna},
  pages =	 {135--141},
  note =	 {Reprinted in \cite[954--966]{Hilbert2013}}
}

@Book{Hilbert1928b,
  author =	 {David Hilbert and Wilhelm Ackermann},
  year =	 1928,
  title =	 {Grundz{\"uge} der theoretischen {L}ogik},
  publisher =	 {Springer},
  address =	 {Berlin},
  edition =	 {1st},
  note =	 {Reprinted in \cite[806--916]{Hilbert2013}}
}

@Article{Hilbert1929,
  author =	 {David Hilbert},
  year =	 1929,
  title =	 {Probleme der {G}rundlegung der {M}athematik},
  journal =	 {Mathe\-ma\-tische An\-nalen},
  volume =	 102,
  pages =	 {1--9},
  note =	 {Lecture given at the International Congress of
                  Mathematicians, 3 September 1928. {E}nglish
                  translation in \cite[pp.~227--233]{Mancosu1998}},
  englishtitle = {Problems of the grounding of mathematics}
}

@Article{Hilbert1931b,
  author =	 {David Hilbert},
  year =	 1931,
  title =	 {Beweis des {T}ertium non datur},
  journal =	 {Nachrichten der Gesellschaft der Wissenschaften zu
                  G{\"o}ttingen. Mathematisch-physikalische Klasse},
  pages =	 {120-25}
}

@Article{Hilbert1931a,
  author =	 {David Hilbert},
  year =	 1931,
  title =	 {Die {G}rundlegung der elementaren {Z}ahlenlehre},
  journal =	 {Mathe\-ma\-tische An\-nalen},
  volume =	 104,
  pages =	 {485--94},
  note =	 {Reprinted in
                  \cite[pp.~192--195]{Hilbert1935}. {E}nglish
                  translation in \cite[pp.~1148--1157]{Ewald1996}.},
  englishtitle = {The grounding of elementary number theory}
}

@Book{HilbertBernays1934,
  author =	 {David Hilbert and Paul Bernays},
  year =	 1934,
  title =	 {Grundlagen der {M}athematik},
  volume =	 1,
  publisher =	 {Springer},
  address =	 {Berlin}
}

@Book{HilbertBernays1939,
  author =	 {David Hilbert and Paul Bernays},
  year =	 1939,
  title =	 {Grundlagen der {M}athematik},
  volume =	 2,
  publisher =	 {Springer},
  address =	 {Berlin}
}

@Book{Hilbert1935,
  author =	 {David Hilbert},
  year =	 1935,
  title =	 {Gesammelte {A}bhandlungen},
  booktitle =	 {Gesammelte {A}bhandlungen},
  volume =	 3,
  publisher =	 {Springer},
  address =	 {Berlin}
}

@Incollection{Hilbert1999,
  author =	 {David Hilbert},
  title =	 {Grundlagen der {G}eometrie},
  publisher =	 {Teubner},
  address =	 {Leipzig},
  year =	 1899,
  booktitle =	 {Festschrift zur {F}eier der {E}nth\"ullung des
                  {G}auss-{W}eber-{D}enkmals in {G}\"ottingen},
  pages =	 {1--92},
  edition =	 {1st},
  note =	 {Reprinted in \cite{Hilbert2004}}
}

@book{Hilbert2004,
  title =	 {David {H}ilbert's {L}ectures on the {F}oundations of
                  {G}eometry, 1891--1902},
  editor =	 {Ulrich Majer and Michael Hallett},
  publisher =	 {Springer},
  address =	 {Berlin and Heidelberg},
  year =	 2004
}

@book{Hilbert20xx,
  title =	 {David {H}ilbert's {L}ectures on the {F}oundations of
                  {A}rithmetic and {L}ogic, 1894--1917},
  editor =	 {William Ewald and Wilfried Sieg and Ulrich Majer},
  publisher =	 {Springer},
  address =	 {Berlin and Heidelberg},
  year =	 {20xx},
  note =	 {forthcoming}
}

@book{Hilbert2013,
  title =	 {David {H}ilbert's {L}ectures on the {F}oundations of
                  {A}rithmetic and {L}ogic, 1917--1933},
  editor =	 {William Ewald and Wilfried Sieg},
  publisher =	 {Springer},
  series =	 {David Hilbert's Lectures on the Foundations of
                  Mathematics and Physics, 1891--1933},
  volume =	 {3},
  address =	 {Berlin and Heidelberg},
  year =	 2013
}

@Article{Hintikka1988,
  author =	 {Jaakko Hintikka},
  year =	 1988,
  title =	 {On the development of the model-theoretic viewpoint
                  in logical theory},
  journal =	 {Synthese},
  volume =	 77,
  pages =	 {1-36}
}

@Article{Hodges1986,
  author =	 {Wilfrid Hodges},
  title =	 {Truth in a structure},
  journal =	 {Proceedings of the Aristotelian Society},
  year =	 1986,
  volume =	 86,
  pages =	 {135--151}
}

@book{Hodges1993,
  author =	 {Wilfrid Hodges},
  year =	 1993,
  title =	 {Model Theory},
  address =	 {Cambridge},
  publisher =	 {Cambridge University Press}
}

@Article{Hofweber2000,
  author =	 {Thomas Hofweber},
  title =	 {Proof-theoretic reduction as a philosopher's tool},
  journal =	 {Erkenntnis},
  year =	 2000,
  volume =	 53,
  pages =	 {127--146}
}

@incollection{Howard1996,
  author =	 {Don Howard},
  title =	 {Relativity, {E}indeutigkeit, and Monomorphism:
                  {R}udolf {C}arnap and the Development of the
                  Categoricity Concept},
  editor =	 {Ronald N. Giere and Alan W. Richardson},
  booktitle =	 {Origins of Logical Empiricism},
  series =	 {Minnesota Studies in the Philosophy of Science 16},
  address =	 {Minneapolis and London},
  publisher =	 {University of Minnesota Press},
  year =	 1996,
  pages =	 {115--164}
}

@Article{Huntington1902,
  author =	 {Edward V. Huntington},
  title =	 {A complete set of postulates for the theory of
                  absolute continuous magnitude},
  journal =	 {Transactions of the American Mathematical Society},
  year =	 1902,
  volume =	 3,
  pages =	 {264--279}
}

@Article{Huntington1904,
  author =	 {Edward V. Huntington},
  title =	 {Sets of independent postulates for the algebra of
                  logic},
  journal =	 {Transactions of the American Mathematical Society},
  year =	 1904,
  volume =	 5,
  pages =	 {288-309}
}

@Article{Huntington1905,
  author =	 {Edward V. Huntington},
  title =	 {A set of postulates for real algebra, comprising
                  postulates for a one-dimensional continuum and for
                  the theory of groups},
  journal =	 {Transactions of the American Mathematical Society},
  year =	 1905,
  volume =	 6,
  pages =	 {17--41}
}

@Article{Huntington1906,
  author =	 {Edward V. Huntington},
  year =	 {1906--07},
  title =	 {The fundamental laws of addition and multiplication
                  in elementary algebra},
  journal =	 {Annals of Mathematics},
  volume =	 8,
  pages =	 {1--44}
}

@incollection{Huntington1911,
  author =	 {Edward V. Huntington},
  year =	 1911,
  title =	 {The fundamental propositions of algebra},
  editor =	 {J. W. A. Young},
  booktitle =	 {Monographs on Topics of Modern Mathematics},
  publisher =	 {Longmans, Green and Co.},
  address =	 {New York}
}

@Article{Huntington1913,
  author =	 {Edward V. Huntington},
  year =	 1913,
  title =	 {A set of postulates for abstract geometry, expressed
                  in terms of the simple relation of inclusion},
  journal =	 {Mathematische Annalen},
  volume =	 73,
  pages =	 {522--599}
}

@Article{Huntington1935,
  author =	 {Edward V. Huntington},
  year =	 1935,
  title =	 {The inter-deducibility of the new
                  {H}ilbert-{B}ernays theory and \emph{{P}rincipia
                  {M}athematica}},
  journal =	 {Annals of Mathematics},
  volume =	 36,
  pages =	 {313--324}
}

@book{Hylton1990,
  author =	 {Peter W. Hylton},
  year =	 1990,
  title =	 {Russell, Idealism, and the Emergence of Analytic
                  Philosophy},
  publisher =	 {Oxford University Press},
  address =	 {Oxford}
}

@Article{Ignjatovic1994,
  author =	 {Aleksandar Ignjatovi\v{c}},
  title =	 {Hilbert's program and the omega-rule},
  journal =	 {Journal of Symbolic Logic},
  year =	 1994,
  volume =	 59,
  pages =	 {322--343}
}

@Article{Ignjatovic2005,
  author =	 {Patrick Caldon and Aleksandar Ignjatovic},
  title =	 {On Mathematical Instrumentalism},
  journal =	 {Journal of Symbolic Logic},
  year =	 2005,
  volume =	 70,
  pages =	 {778--794}
}

@InProceedings{Jaskowski1936,
  author =	 {Stanis{\l}aw Ja{\'s}kowski},
  title =	 {Recherches sur le syst\`{e}me de la logique
                  intuitioniste},
  booktitle =	 {Actes du Congr\`{e}s International de Philosophie
                  Scientifique},
  pages =	 {58-61},
  year =	 1936,
  volume =	 4,
  address =	 {Paris},
  note =	 {{E}nglish translation in
                  \cite[pp.~259--263]{McCall1967}}
}

@Book{Jaskowski1934,
  author =	 {Stanis{\l}aw Ja{\'s}kowski},
  title =	 {On the rules of suppositions in formal logic},
  series =	 {Studia Logica},
  year =	 1934,
  publisher =	 {Seminarjum
                  Filozoficzne. Wydz. Matematyczno-Przyrodniczy UW},
  number =	 1,
  address =	 {Warsaw},
  note =	 {Reprinted in \cite[pp.~232--258]{McCall1967}}
}

@Article{Jeroslow1971,
  author =	 {Robert G. Jeroslow},
  title =	 {Consistency Statements in Formal Theories},
  journal =	 {Fundamenta Mathematicae},
  volume =	 72,
  year =	 1971,
  pages =	 {17--40}
}

@Article{Jeroslow1975,
  author =	 {Robert G. Jeroslow},
  title =	 {Experimental logics and ${\Delta}^0_2$-theories},
  journal =	 {Journal of Philosophical Logic},
  year =	 1975,
  volume =	 4,
  pages =	 {253--267}
}

@Article{Jonsson1986,
  author =	 {Bjarni J{\'o}nsson},
  year =	 1986,
  title =	 {The contributions of {A}lfred {T}arski to General
                  Algebra},
  journal =	 {Journal of Symbolic Logic},
  volume =	 51,
  pages =	 {883--889}
}

@misc{Jourdain1914,
  author =	 {Philip Jourdain},
  year =	 1914,
  title =	 {Preface},
  howpublished = {{L}uis {C}outurat, \emph{The Algebra of Logic},
                  Chicago and London: Open Court, iii--xiii}
}

@Article{Kalmar1933,
  author =	 {L\'aszl\'o Kalm{\'a}r},
  title =	 {{\"U}ber die {E}rf{\"u}llbarkeit derjenigen
                  {Z}{\"a}hlausdr{\"u}cke, welche in der {N}ormalform
                  zwei benachbarte {A}llzeichen enthalten},
  journal =	 {Mathe\-ma\-tische An\-nalen},
  year =	 1933,
  volume =	 108,
  pages =	 {466--484}
}

@Book{Kanamori2003,
  author =	 {Akihiro Kanamori},
  title =	 {The Higher Infinite. Large Cardinals in Set Theory
                  from Their Beginnings},
  publisher =	 {Springer},
  year =	 2003,
  address =	 {Berlin},
  edition =	 {2nd}
}

@book{Kaufmann1930,
  author =	 {Felix Kaufmann},
  year =	 1930,
  title =	 {Das {U}nendliche in der {M}athematik und seine
                  {A}usschaltung},
  publisher =	 {Deuticke},
  address =	 {Vienna}
}

@Article{Keyser1918a,
  author =	 {Keyser, Cassius J.},
  year =	 1918,
  title =	 {Doctrinal functions},
  journal =	 {Journal of Philosophy},
  volume =	 15,
  pages =	 {262--267}
}

@Article{Keyser1918b,
  author =	 {Keyser, Cassius J.},
  year =	 1918,
  title =	 {Concerning the number of possible interpretations of
                  any axiom system of postulates},
  journal =	 {Bulletin of the American Mathematical Society},
  volume =	 24,
  pages =	 {391--393}
}

@book{Keyser1922,
  author =	 {Keyser, Cassius J.},
  year =	 1922,
  title =	 {Mathematical Philosophy. A Study of Fate and
                  Freedom},
  publisher =	 {Dutton \& Co.},
  address =	 {New York}
}

@Article{Kitcher1976,
  author =	 {Philip Kitcher},
  year =	 1976,
  title =	 {Hilbert's epistemology},
  journal =	 {Philosophy of Science},
  volume =	 43,
  pages =	 {99--115}
}

@Article{Kleene1935a,
  author =	 {Stephen C. Kleene},
  title =	 {A theory of positive integers in formal logic},
  journal =	 {American Journal of Mathematics},
  year =	 1935,
  volume =	 57,
  pages =	 {153--173, 219--244}
}

@Article{Kleene1936a,
  author =	 {Stephen C. Kleene},
  title =	 {General recursive functions of natural numbers},
  journal =	 {Mathematische Annalen},
  year =	 1936,
  volume =	 112,
  pages =	 {727--742}
}

@Article{Kleene1935,
  author =	 {Stephen C. Kleene and J. Barkley Rosser},
  title =	 {The inconsistency of certain formal logics},
  journal =	 {Annals of Mathematics},
  year =	 1935,
  volume =	 36,
  pages =	 {630--636}
}

@Book{Kleene1952,
  author =	 {Stephen C. Kleene},
  title =	 {Introduction to Metamathematics},
  publisher =	 {North-Holland},
  year =	 1952,
  address =	 {Amsterdam}
}

@inbook{Kleene1986,
  author =	 {Stephen C. Kleene},
  year =	 1986,
  title =	 {Introductory note to {G}{\"o}del 1930b, 1931, and
                  1932b},
  crossref =	 {Godel1986},
  pages =	 {126--141}
}

@Article{Kleene1936,
  author =	 {Stephen C. Kleene},
  title =	 {$\lambda$-definability and recursiveness},
  journal =	 {Duke Mathematical Journal},
  year =	 1936,
  volume =	 2,
  pages =	 {340--353}
}

@Article{Kleene1981,
  author =	 {Stephen C. Kleene},
  title =	 {Origins of recursive function theory},
  journal =	 {Annals of the History of Computing},
  year =	 1981,
  volume =	 3,
  pages =	 {52--67}
}

@InCollection{Kleene1987,
  author =	 {Stephen C. Kleene},
  title =	 {G\"odel's impression on students of logic in the
                  1931s},
  booktitle =	 {G\"odel Remembered},
  pages =	 {49--64},
  publisher =	 {Bibliopolis},
  year =	 1987,
  editor =	 {Paul Weingartner and Leopold Schmetterer}
}

@Book{Kneale1962,
  author =	 {William Kneale and Martha Kneale},
  year =	 1962,
  title =	 {The Development of Logic},
  publisher =	 {Oxford University Press},
  address =	 {Oxford}
}

@Article{Kolmogorov1925,
  author =	 {Andrei N. Kolmogorov},
  title =	 {O principe tertium non datur},
  journal =	 {Matematiceskij Sbornik},
  year =	 1925,
  volume =	 32,
  pages =	 {646--667},
  note =	 {{E}nglish translation in
                  \cite[pp.~416--437]{Heijenoort1967}}
}

@Article{Kolmogorov1932,
  author =	 {Andrei N. Kolmogorov},
  title =	 {Zur {D}eutung der intuitionistischen {L}ogik},
  journal =	 {Mathe\-mati\-sche Zeit\-schrift},
  year =	 1932,
  volume =	 35,
  pages =	 {58-65},
  note =	 {{E}nglish translation in
                  \cite[pp.~328--334]{Mancosu1998}}
}

@InProceedings{Konig1904,
  author =	 {Julius K\"{o}nig},
  title =	 {Zum {K}ontinuum-{P}roblem},
  booktitle =	 {Verhandlungen des dritten internationalen
                  Mathematiker-Kongresses in Heidelberg},
  pages =	 {144-147},
  year =	 1904,
  address =	 {Leipzig},
  publisher =	 {Teubner}
}

@Book{Konig1914,
  author =	 {Julius K{\"o}nig},
  title =	 {Neue {G}rundlagen der {L}ogik, {A}rithmetik und
                  {M}engenlehre},
  publisher =	 {Veit},
  year =	 1914,
  address =	 {Leipzig}
}

@Article{Konig1926,
  author =	 {D{\'e}nes K{\"o}nig},
  year =	 1926,
  title =	 {Sur les correspondances multivoques des ensembles},
  journal =	 {Fundamenta Mathematicae},
  volume =	 8,
  pages =	 {114--134}
}

@Article{Konig1927,
  author =	 {D{\'e}nes K{\"o}nig},
  year =	 1927,
  title =	 {{\"U}ber eine {S}chlussweise aus dem {E}ndlichen ins
                  {U}nendliche},
  journal =	 {Acta litterarum ac scientiarum Regiae Universitatis
                  Hungaricae Francisco-Josephinae, Sectio scientiarum
                  mathematicarum},
  volume =	 3,
  pages =	 {121--130}
}

@Article{Korselt1913,
  author =	 {Korselt, A.},
  year =	 1913,
  title =	 {Was ist {M}athematik?},
  journal =	 {Archiv der Mathematik und Physik (Series 3)},
  volume =	 21,
  pages =	 {371--373}
}

@incollection{Kotarbinski1967,
  author =	 {Kotarbinski, T.},
  year =	 1967,
  title =	 {Notes on the development of formal logic in {P}oland
                  in the years 1900--1939},
  crossref =	 {McCall1967},
  pages =	 {1--14}
}

@Article{Kreisel1951,
  author =	 {Georg Kreisel},
  title =	 {On the interpretation of non-finitist
                  proofs. {P}art~{I}},
  journal =	 {Journal of Symbolic Logic},
  year =	 1951,
  volume =	 16,
  pages =	 {241--267}
}

@Article{Kreisel1954,
  author =	 {Georg Kreisel},
  title =	 {A variant to {H}ilbert's theory of the foundations
                  of arithmetic},
  journal =	 {British Journal for the Philosophy of Science},
  year =	 1954,
  volume =	 4,
  pages =	 {107--129}
}

@Article{Kreisel1958a,
  author =	 {Georg Kreisel},
  year =	 1958,
  title =	 {Hilbert's programme},
  journal =	 {Dialectica},
  volume =	 12,
  pages =	 {346--372},
  note =	 {Reprinted as \cite[pp.~]{Kreisel1983}.}
}

@INPROCEEDINGS{Kreisel1958,
  author =	 {Georg Kreisel},
  editor =	 {J. A. Todd},
  year =	 1960,
  title =	 {Ordinal logics and the characterization of informal
                  notions of proof},
  booktitle =	 {Proceedings of the International Congress of
                  Mathematicians. Edinburgh, 14--21 August 1958},
  pages =	 {289--299},
  publisher =	 {Cambridge University Press},
  address =	 {Cambridge}
}

@INCOLLECTION{Kreisel1983,
  author =	 {Georg Kreisel},
  year =	 1983,
  title =	 {Hilbert's programme},
  pages =	 {207--238},
  crossref =	 {Benacerraf1983}
}

@INCOLLECTION{Kreisel1970,
  author =	 {Georg Kreisel},
  editor =	 {A. Kino and J. Myhill and R. E. Veseley},
  year =	 1970,
  title =	 {Principles of proof and ordinals implicit in given
                  concepts},
  booktitle =	 {Intuitionism and Proof Theory},
  publisher =	 {North-Holland},
  address =	 {Amsterdam},
  pages =	 {489--516}
}

@Article{Kreisel1968,
  author =	 {Georg Kreisel},
  title =	 {A survey of proof theory},
  journal =	 {Journal of Symbolic Logic},
  year =	 1968,
  volume =	 33,
  pages =	 {321--388}
}

@InCollection{Kreisel1965,
  author =	 {Georg Kreisel},
  title =	 {Mathematical Logic},
  booktitle =	 {Lectures on Modern Mathematics},
  pages =	 {95--195},
  publisher =	 {Wiles},
  year =	 1965,
  editor =	 {T. L. Saaty},
  volume =	 3,
  address =	 {New York}
}

@Article{Kreisel1971,
  author =	 {Georg Kreisel},
  title =	 {Review of \emph{The Collected Papers of {G}erhard
                  {G}entzen} \cite{Gentzen1969}},
  journal =	 {Journal of Philosophy},
  year =	 1971,
  volume =	 68,
  pages =	 {238--265}
}

@Article{Kreisel1976,
  author =	 {Georg Kreisel},
  title =	 {Wie die {B}eweistheorie zu ihren {O}rdinalzahlen kam
                  und kommt},
  journal =	 {Jahresberichte der Deutschen
                  Mathematiker-Vereinigung},
  year =	 1976,
  volume =	 78,
  pages =	 {177--223}
}

@book{Landini1998,
  author =	 {Gregory Landini},
  year =	 1998,
  title =	 {Russell's Hidden Substitutional Theory},
  publisher =	 {Oxford University Press},
  address =	 {Oxford}
}

@Article{Langford1927a,
  author =	 {Langford, Cooper Harold},
  year =	 1927,
  title =	 {Some theorems on deducibility},
  journal =	 {Annals of Mathematics (Series 2)},
  volume =	 28,
  pages =	 {16--40}
}

@Article{Langford1927b,
  author =	 {Langford, Cooper Harold},
  year =	 1927,
  title =	 {Some theorems on deducibility},
  journal =	 {Annals of Mathematics (Series 2)},
  volume =	 28,
  pages =	 {459--471}
}

@Article{Largeault1993a,
  author =	 {Jean Largeault},
  title =	 {L'Intuitionisme des math\'{e}maticiens avant
                  {B}rouwer},
  journal =	 {Archives de Philosophie},
  year =	 1993,
  volume =	 56,
  pages =	 {53-68}
}

@Book{Largeault1993b,
  author =	 {Jean Largeault},
  title =	 {Intuition et Intuitionisme},
  publisher =	 {Vrin},
  year =	 1993,
  address =	 {Paris}
}

@Article{Lascar1998,
  author =	 {Daniel Lascar},
  year =	 1998,
  title =	 {Perspective historique sur les rapports entre la
                  th\'{e}orie des mod\`{e}les et l'algebr\`{e}},
  journal =	 {Revue d' Histoire des Math\'{e}matiques},
  volume =	 4,
  pages =	 {237-260}
}

@Book{Leisenring1969,
  author =	 {A. C. Leisenring},
  title =	 {Mathematical Logic and {H}ilbert's
                  $\epsilon$-Symbol},
  publisher =	 {MacDonald},
  year =	 1969,
  address =	 {London}
}

@Book{Lewis1918,
  author =	 {Clarence Irving Lewis},
  year =	 1918,
  title =	 {A Survey of Symbolic Logic},
  publisher =	 {University of California Press},
  address =	 {Berkeley}
}

@Book{Linsky1999,
  author =	 {Bernard Linsky},
  title =	 {Russell's Metaphysical Logic},
  publisher =	 {CSLI Publications},
  year =	 1999,
  address =	 {Stanford}
}

@Article{Linsky2004,
  author =	 {Bernard Linsky},
  title =	 {Leon {C}hwistek on the no-classes theory in
                  \emph{{P}rincipia {M}athematica}},
  journal =	 {History and Philosophy of Logic},
  year =	 2004,
  volume =	 25,
  pages =	 {53--71}
}

@Article{Lovett1900,
  author =	 {Edgar O. Lovett},
  year =	 {1900--01},
  title =	 {Mathematics at the {I}nternational {C}ongress of
                  {P}hilosophy, {P}aris, 1900},
  journal =	 {Bulletin of the American Mathematical Society},
  volume =	 7,
  pages =	 {157--183}
}

@Article{Lowenheim1915,
  author =	 {Leopold L\"{o}wenheim},
  title =	 {\"{U}ber {M}\"oglichkeiten im {R}elativkalk\"{u}l},
  journal =	 {Mathe\-ma\-tische An\-nalen},
  year =	 1915, volume = {76},
  pages =	 {447--470},
  note =	 {Translated in:
                  \cite[pp.~228--251]{Heijenoort1967}}
}

@Article{Lukasiewicz1920a,
  author =	 {Jan {\L}ukasiewicz},
  title =	 {O poj\c{e}ciu mo\.{z}liwo\'sci ({O}n the concept of
                  possibility)},
  journal =	 {Ruch Filozoficzny},
  year =	 1920,
  volume =	 6,
  pages =	 {169-170},
  note =	 {English translation in \cite[pp.~15--16]{McCall1967}}
}

@Article{Lukasiewicz1920b,
  author =	 {Jan {\L}ukasiewicz},
  title =	 {O logice tr\'owarto\'sciowej ({O}n three-valued
                  logic)},
  journal =	 {Ruch Filozoficzny},
  year =	 1920,
  volume =	 6,
  pages =	 {170-171},
  note =	 {{E}nglish translation in \cite[pp.~16--17]{McCall1967}}
}

@unpublished{Lukasiewicz1922,
  author =	 {Jan {\L}ukasiewicz},
  title =	 {O determini\'zmie ({O}n determinism)},
  year =	 1922,
  note =	 {{E}nglish translation in \cite[pp.~19--39]{McCall1967}}
}

@Article{Lukasiewicz1924,
  author =	 {Jan {\L}ukasiewicz},
  year =	 1924,
  title =	 {D\'emonstration de la compatibilit\'e des axiomes de
                  la th\'eorie de la d\'eduction ({A}bstract)},
  journal =	 {Annales de la Soci\'et\'e Polonaise de
                  Math\'ematique},
  volume =	 3,
  pages =	 149,
  note =	 {Talk given 13 June 1924}
}

@Article{Lukasiewicz1930a,
  author =	 {Jan {\L}ukasiewicz},
  title =	 {Philosophische {B}emerkungen zu mehrwertigen
                  {S}ystemen des {A}ussagenkalk\"{u}ls},
  journal =	 {Comptes Rendus des S\`{e}ancs de la Soci\'{e}t\'{e}
                  des Sciences et des Lettres de Varsovie. Classe III},
  year =	 1930,
  volume =	 23,
  pages =	 {51-77},
  note =	 {{E}nglish translation in \cite[pp.~40--65]{McCall1967}}
}

@Article{Lukasiewicz1930b,
  author =	 {Jan {\L}ukasiewicz and Alfred Tarski},
  title =	 {Untersuchungen \"{u}ber den {A}ussagenkalk\"{u}l},
  journal =	 {Comptes Rendus des S\`{e}ancs de la Soci\'{e}t\'{e}
                  des Sciences et des Lettres de Varsovie. Classe III},
  year =	 1930,
  volume =	 23,
  pages =	 {30--50},
  note =	 {{E}nglish translation in \cite[pp.~38--59]{Tarski1983}}
}

@Article{Lucas1961,
  author =	 {J. R. Lucas},
  title =	 {Minds, machines, and {G}\"odel},
  journal =	 {Philosophy},
  year =	 1961,
  volume =	 36,
  pages =	 {112--137}
}

@book{Lynch2001,
  author =	 {Lynch, M. P.},
  year =	 2001,
  title =	 {The Nature of Truth},
  publisher =	 {MIT Press},
  address =	 {Cambridge, MA}
}

@Article{Maddux1991,
  author =	 {Roger D. Maddux},
  year =	 1991,
  title =	 {The Origin of Relation Algebras in the Development
                  and Axiomatization of the Calculus of Relations},
  journal =	 {Studia Logica},
  volume =	 50,
  pages =	 {421--455}
}

@Article{Majer1993a,
  author =	 {Ulrich Majer},
  year =	 1993,
  title =	 {Hilberts {M}ethode der idealen {E}lemente und
                  {K}ants regulativer {G}ebrauch der {I}deen},
  journal =	 {Kant-Studien},
  volume =	 84,
  pages =	 {51--77}
}

@Article{Malcev1936,
  author =	 {Malcev, Anatoly Ivanovich},
  year =	 1936,
  title =	 {Untersuchungen aus dem {G}ebiet der mathematischen
                  {L}ogik},
  journal =	 {Matematiceskij Sbornik(n.s.)},
  volume =	 1,
  pages =	 {323--336},
  note =	 {English translation in Anatoly I Maltsev, \emph{The
                  Metamathematics of Algebraic Systems: Collected
                  Papers 1936--1967}, North Holland, Amsterdam, 1971,
                  1--14}
}

@Book{Mancosu1998,
  editor =	 {Paolo Mancosu},
  year =	 1998,
  title =	 {From {B}rouwer to {H}ilbert. {T}he Debate on the
                  Foundations of Mathematics in the 1920s},
  booktitle =	 {From Brouwer to Hilbert},
  publisher =	 {Oxford University Press},
  address =	 {New York and Oxford}
}

@InCollection{Mancosu1998a,
  author =	 {Paolo Mancosu},
  title =	 {Hermann {W}eyl: {P}redicativity and an
                  intuitionistic excursion},
  crossref =	 {Mancosu1998},
  pages =	 {65--85},
  year =	 1998
}

@Incollection{Mancosu1998b,
  author =	 {Paolo Mancosu and Walter P. van Stigt},
  title =	 {Intuitionistic Logic},
  crossref =	 {Mancosu1998},
  pages =	 {275--285},
  year =	 1998
}

@INCOLLECTION{Mancosu1998c,
  author =	 {Paolo Mancosu},
  title =	 {Hilbert and {B}ernays on metamathematics},
  pages =	 {149--188},
  crossref =	 {Mancosu1998}
}

@Article{Mancosu1999,
  author =	 {Paolo Mancosu},
  year =	 1999,
  title =	 {Between {R}ussell and {H}ilbert: {B}ehmann on the
                  foundations of mathematics},
  journal =	 {Bulletin of Symbolic Logic},
  volume =	 5,
  number =	 3,
  pages =	 {303--330}
}

@Article{Mancosu1999a,
  author =	 {Paolo Mancosu},
  title =	 {Between {V}ienna and {B}erlin: The immediate
                  reception of {G}\"{o}del's incompleteness theorems},
  journal =	 {History and Philosophy of Logic},
  year =	 1999,
  volume =	 20,
  pages =	 {33--45}
}

@incollection{Mancosu2002a,
  author =	 {Paolo Mancosu},
  year =	 2002,
  title =	 {On the constructivity of proofs. {A} debate among
                  {B}ehmann, {B}ernays, {G}{\"o}del, and {K}aufmann},
  booktitle =	 {Reflections on the foundations of
                  mathematics. {E}ssays in honor of {S}olomon
                  {F}eferman},
  editor =	 {Wilfried Sieg and Richard Sommer and Carolyn
                  Talcott},
  publisher =	 {Association for Symbolic Logic},
  series =	 {Lecture Notes in Logic~15},
  pages =	 {346--368}
}

@Article{Mancosu2002b,
  author =	 {Mancosu, Paolo and Ryckman, Thomas},
  year =	 2002,
  title =	 {Mathematics and phenomenology: {T}he correspondence
                  between {O}. {B}ecker and {H}. {W}eyl},
  journal =	 {Philosophia Mathematica},
  volume =	 10,
  pages =	 {130--202}
}

@Article{Mancosu2003,
  author =	 {Mancosu, Paolo },
  journal =	 {Synthese},
  number =	 {1--2},
  pages =	 {59--101},
  title =	 {The {R}ussellian Influence on {H}ilbert and his
                  School},
  volume =	 137,
  year =	 2003
}

@incollection{Mancosu2003a,
  author =	 {Paolo Mancosu and Mathieu Marion},
  year =	 2003,
  title =	 {Wittgenstein's constructivization of {E}uler's proof
                  of the infinity of primes},
  booktitle =	 {The Vienna Circle and Logical Empiricism},
  editor =	 {Friedrich Stadler},
  publisher =	 {Kluwer},
  address =	 {Dordrecht},
  pages =	 {171--188}
}

@Article{Mancosu2004,
  author =	 {Paolo Mancosu},
  title =	 {Review of {K}urt {G}\"odel, \emph{Collected
                  {W}orks}, vols. {IV} and {V}, {S}olomon {F}eferman,
                  et al., eds.  {O}xford: {O}xford {U}niversity
                  {P}ress, 2003},
  journal =	 {Notre Dame Journal of Formal Logic},
  volume =	 45,
  pages =	 {109--125},
  year =	 2004
}

@Article{Mancosu2004a,
  author =	 {Paolo Mancosu},
  title =	 {Review of {K}urt {G}\"odel, \emph{Collected
                  {W}orks}, vols. {IV} and {V}, {S}olomon {F}eferman,
                  et al., eds.  {O}xford: {O}xford {U}niversity
                  {P}ress, 2003},
  journal =	 {Notre Dame Journal of Formal Logic},
  volume =	 45,
  pages =	 {109--125},
  year =	 2004
}

@Incollection{Mancosu2005,
  author =	 {Paolo Mancosu},
  title =	 {Tarski on models and logical consequence},
  booktitle =	 {The Architecture of Modern Mathematics},
  year =	 2005,
  editor =	 {Jeremy Gray and Jos\'e Ferreiros},
  address =	 {Oxford},
  publisher =	 {Oxford University Press},
  note =	 {forthcoming}
}


@incollection{Mancosu2006,
  author =	 {Paolo Mancosu and Richard Zach and Calixto Badesa},
  title =	 {The Development of Mathematical Logic from {R}ussell
                  to {T}arski: 1900--1935},
  booktitle =	 {The History of Modern Logic},
  address =	 {New York and Oxford},
  publisher =	 {Oxford University Press},
  editor =	 {Leila Haaparanta},
  year =	 2006,
  note =	 {forthcoming}
}


@book{Mangione1993,
  author =	 {Mangione, C. and Bozzi, S.},
  year =	 1993,
  title =	 {Storia della Logica},
  publisher =	 {Garzanti},
  address =	 {Milano}
}

@Article{Marchisotto1995,
  author =	 {Elena A. Marchisotto},
  title =	 {In the Shadow of Giants: {T}he work of {M}ario
                  {P}ieri in the foundations of mathematics},
  journal =	 {History and Philosophy of Logic},
  volume =	 16,
  year =	 1995,
  pages =	 {107--119}
}

@Book{McCall1967,
  editor =	 {Storrs McCall},
  title =	 {Polish Logic 1920--1939},
  booktitle =	 {Polish Logic 1920--1939},
  publisher =	 {Oxford University Press},
  year =	 1967,
  address =	 {Oxford}
}

@Article{McGee1992,
  author =	 {McGee, Vann},
  title =	 {Two Problems with {T}arski's Theory of Consequence},
  journal =	 {Proceedings of the Aristotelean Society},
  year =	 1992,
  pages =	 {273-292}
}

@Article{McKinsey1940,
  author =	 {John Charles Chenoweth McKinsey},
  year =	 1940,
  title =	 {Postulates for the Calculus of binary Relations},
  journal =	 {The Journal of Symbolic Logic},
  volume =	 5,
  pages =	 {85--97}
}

@Article{Mirimanoff1917,
  author =	 {Dmitry Mirimanoff},
  title =	 {Les antinomies de {R}ussell et de {B}urali-{F}orti
                  et le probl\`{e}me fondamental de la th\'{e}orie des
                  ensembles},
  journal =	 {L'Enseignement Math\'ematique},
  year =	 1917,
  volume =	 19,
  pages =	 {37--52}
}

@Article{Moore1980,
  author =	 {Gregory H. Moore},
  year =	 1980,
  title =	 {Beyond First-order Logic: The Historical Interplay
                  between Mathematical Logic and Axiomatic Set Theory},
  journal =	 {History and Philosophy of Logic},
  volume =	 1,
  pages =	 {95--137}
}

@Article{Moore1981,
  author =	 {Gregory H. Moore and Alejandro R. Garciadiego},
  year =	 1981,
  title =	 {Burali-{F}orti's paradox: a reappraisal of its
                  origins},
  journal =	 {Historia Mathematica},
  volume =	 8,
  pages =	 {319--350}
}

@Book{Moore1982,
  author =	 {Gregory H. Moore},
  title =	 {Zermelo's Axiom of Choice. {I}ts Origins,
                  Development and Influence},
  publisher =	 {Springer},
  year =	 1982,
  address =	 {New York and Heidelberg}
}

@INCOLLECTION{Moore:87,
  author =       {Gregory H. Moore},
  editor =       {Esther R. Phillips},
  year =         1987,
  title =        {A house divided against itself: The emergence of
                  first-order logic as the basis for mathematics},
  booktitle =    {Studies in the History of Mathematics},
  pages =        {98--136},
  publisher =    {Mathematical Association of America}
}


@INCOLLECTION{Moore1988,
  author =	 {Gregory H. Moore},
  year =	 1988,
  title =	 {The emergence of first-order logic},
  pages =	 {95--135},
  crossref =	 {Aspray1988}
}

@misc{Moore1994,
  author =	 {Gregory H. Moore},
  title =	 {Editor's Introduction},
  note =	 {In \citeN{Russell1994a}},
  year =	 1994
}

@Article{Moore1997,
  author =	 {Gregory H. Moore},
  year =	 1997,
  title =	 {Hilbert and the emergence of modern mathematical
                  logic},
  journal =	 {Theoria (Segunda \'Epoca)},
  volume =	 12,
  numer =	 1,
  pages =	 {65--90}
}

@book{Mostowski1966,
  author =	 {Andrzej Mostowski},
  year =	 1966,
  title =	 {Thirty Years of Fundational Studies},
  address =	 {Oxford},
  publisher =	 {Basil Blackwell}
}

@Article{Muller1923,
  author =	 {Aloys M{\"u}ller},
  year =	 1923,
  title =	 {{\"U}ber {Z}ahlen als {Z}eichen},
  journal =	 {Mathematische Annalen},
  volume =	 90,
  pages =	 {153--158; 163}
}

@Article{Murawski1998,
  author =	 {Roman Murawski},
  year =	 1998,
  title =	 {Undefinability of truth. {T}he problem of priority:
                  {T}arski vs {G}\"{o}del},
  journal =	 {History and Philosophy of Logic},
  volume =	 19,
  pages =	 {153--160}
}

@InCollection{Negri1980,
  author =	 {Maurizio Negri},
  title =	 {Constructive sequent reduction in {G}entzen's first
                  consistency proof for arithmetic},
  booktitle =	 {Italian Studies in the Philosophy of Science},
  pages =	 {153--168},
  publisher =	 {Reidel},
  year =	 1980,
  editor =	 {Dalla Chiara, Maria Luisa},
  address =	 {Dordrecht}
}

@Article{Neumann1923,
  author =	 {Johann von Neumann},
  title =	 {Zur {E}inf\"{u}hrung der transfiniten {Z}ahlen},
  journal =	 {Acta Litterarum ac Scientiarum Regiae Universitatis
                  Hungaricae},
  year =	 1923,
  volume =	 1,
  pages =	 {199--208},
  note =	 {{E}nglish translation in
                  \cite[pp.~346--354]{Heijenoort1967}}
}

@Article{Neumann1925,
  author =	 {Johann von Neumann},
  title =	 {Eine {A}xiomatisierung der {M}engenlehre},
  journal =	 {Journal f\"ur die reine und angewandte Mathematik},
  year =	 1925,
  volume =	 154,
  pages =	 {219--240},
  note =	 {{E}nglish translation in
                  \cite[pp.~393-413]{Heijenoort1967}}
}

@Article{Neumann1927,
  author =	 {Johann von Neumann},
  year =	 1927,
  title =	 {Zur {H}ilbertschen {B}eweistheorie},
  journal =	 {Mathe\-mati\-sche Zeit\-schrift},
  volume =	 26,
  pages =	 {1--46}
}

@Article{Neumann1928,
  author =	 {Johann von Neumann},
  title =	 {Die {A}xiomatisierung der {M}engenlehre},
  journal =	 {Mathe\-mati\-sche Zeit\-schrift},
  year =	 1928,
  volume =	 27,
  pages =	 {669--752}
}

@Article{Neumann1931,
  author =	 {Johann von Neumann},
  year =	 1931,
  title =	 {Die formalistische {G}rundlegung der {M}athematik},
  journal =	 {Erkenntnis},
  volume =	 2,
  pages =	 {116--34},
  note =	 {{E}nglish translation in:
                  \cite[pp.~61--65]{Benacerraf1983}}
}

@Article{Nicod1916,
  author =	 {Jean G. P. Nicod},
  year =	 {1916--1919},
  title =	 {A reduction in the number of the primitive
                  propositions of logic},
  journal =	 {Proceedings of the Cambridge Philosophical Society},
  volume =	 19,
  pages =	 {32--41}
}

@Article{OLeary1988,
  author =	 {Daniel J. O'Leary},
  year =	 1988,
  title =	 {The propositional logic of \emph{{P}rincipia
                  {M}athematica} and some of its forerunners},
  journal =	 {Russell},
  volume =	 8,
  pages =	 {92--115}
}

@incollection{Padoa1901,
  author =	 {Alessandro Padoa},
  year =	 1901,
  title =	 {Essai d'une th\'{e}orie alg\'{e}brique des nombre
                  entiers, precede d'une introduction logique \`{a}
                  une th\'{e}orie deductive quelconque},
  booktitle =	 {Biblioth\`{e}que du Congr\`{e}s international de
                  philosophie, Paris 1900},
  publisher =	 {A. Colin},
  address =	 {Paris},
  pages =	 {309--365},
  note =	 {Partially translated in
                  \cite[pp.~118--123]{Heijenoort1967}}
}

@inproceedings{Padoa1902,
  author =	 {Alessandro Padoa},
  year =	 1902,
  title =	 {Un nouveau syst{\`e}me irr{\'e}ductible de postulats
                  pour l'alg{\`e}bre},
  booktitle =	 {Compte rendu du deuxi{\`e}me congr{\`e}s
                  international des mathematicians tenu \`{a} Paris du
                  6 au 12 ao\^{u}t 1900},
  publisher =	 {Gauthiers-Villars},
  address =	 {Paris},
  pages =	 {249--256}
}

@Article{Padoa1903,
  author =	 {Alessandro Padoa},
  year =	 1903,
  title =	 {Le probl{\`e}me No 2 de {M}.~{D}avid {H}ilbert},
  journal =	 {L'Enseignement Math{\'e}matique},
  volume =	 5,
  pages =	 {85--91}
}

@Book{Peano1989,
  author =	 {Giuseppe Peano},
  title =	 {I Principii di Geometria Logicamente Esposti},
  publisher =	 {Fratelli Bocca},
  year =	 1889,
  address =	 {Torino},
  note =	 {Reprinted in \cite[pp.~56-91]{Peano1958}}
}

@Article{Parsons1980,
  author =	 {Charles Parsons},
  title =	 {Mathematical Intuition},
  journal =	 {Proceedings of the Aristotelian Society},
  year =	 {1979--80},
  volume =	 80,
  pages =	 {145--68},
  note =	 {Reprinted in \cite[pp.~95--113]{Hart1996}}
}

@INCOLLECTION{Parsons1994,
  author =	 {Charles Parsons},
  year =	 1994,
  title =	 {Intuition and number},
  pages =	 {141--157},
  crossref =	 {George1994}
}

@incollection{Parsons2003,
  author =	 {Charles Parsons},
  title =	 {Introductory note to {G}\"{o}del's correspondence
                  with {H}einrich {B}ehmann},
  editor =	 {Solomon Feferman and others},
  year =	 2003,
  booktitle =	 {Kurt {G}\"odel: {C}ollected Works},
  volume =	 4,
  publisher =	 {Oxford University Press},
  address =	 {Oxford},
  pages =	 {13-19}
}

@Book{George1994,
  editor =	 {Alexander George},
  year =	 1994,
  title =	 {Mathematics and Mind},
  booktitle =	 {Mathematics and Mind},
  publisher =	 {Oxford University Press},
  address =	 {Oxford}
}

@INCOLLECTION{Parsons1998,
  author =	 {Charles Parsons},
  year =	 1998,
  title =	 {Finitism and intuitive knowledge},
  pages =	 {249--270},
  crossref =	 {Schirn1998}
}

@Book{Peano1958,
  author =	 {Giuseppe Peano},
  title =	 {Opere Scelte},
  publisher =	 {Edizioni Cremonese},
  year =	 1958,
  volume =	 2,
  address =	 {Roma}
}

@Book{Peckhaus1990,
  author =	 {Volker Peckhaus},
  year =	 1990,
  title =	 {Hilbertprogramm und {K}ritische {P}hilosophie},
  publisher =	 {Vandenhoeck und Ruprecht},
  address =	 {G\"ottingen}
}

@Article{Peckhaus1992,
  author =	 {Volker Peckhaus},
  year =	 1992,
  title =	 {Hilbert, {Z}ermelo und die {I}nstitutionalisierung
                  der mathematischen {L}ogik in {D}eutschland},
  journal =	 {Berichte zur Wissenschaftsgeschichte},
  volume =	 15,
  pages =	 {27--38}
}

@INCOLLECTION{Peckhaus1994,
  author =	 {Volker Peckhaus},
  editor =	 {E. Knobloch and D. E. Rowe},
  year =	 1994,
  title =	 {Hilbert's axiomatic programme and philosophy},
  booktitle =	 {The History of Modern Mathematics},
  volume =	 3,
  pages =	 {91-112},
  publisher =	 {Academic Press},
  address =	 {Boston}
}

@Article{Peckhaus1995,
  author =	 {Volker Peckhaus},
  year =	 1995,
  title =	 {Hilberts {L}ogik: {V}on der {A}xiomatik zur
                  {B}eweistheorie},
  journal =	 {Internationale Zeitschrift f\"ur Geschichte und
                  Ethik der Naturwissenschaften, Technik und Medizin},
  volume =	 3,
  pages =	 {65--86}
}

@incollection{Peirce1903,
  author =	 {Charles Sanders Peirce},
  year =	 1903,
  title =	 {Nomenclature and Divisions of Dyadic Relations},
  booktitle =	 {Collected Papers},
  volume =	 3,
  editor =	 {Ch. Hartshorne and P. Weiss. 1933},
  address =	 {Cambridge, M.A.},
  publisher =	 {Harvard University Press},
  pages =	 {366--387}
}

@Article{Peirce1970,
  author =	 {Charles Sanders Peirce},
  year =	 1870,
  title =	 {Description of a notation for the logic of
                  relatives, resulting from an amplification of the
                  conceptions of {B}oole's calculus on logic},
  journal =	 {Memoirs of the American Academy of Arts and
                  Sciences},
  volume =	 9,
  pages =	 {317--378},
  note =	 {Reprinted in \cite[pp.~359--429]{Peirce1984}}
}

@incollection{Peirce1983,
  author =	 {Charles Sanders Peirce},
  year =	 1883,
  title =	 {The Logic of Relatives},
  booktitle =	 {Studies in Logic by Members of the Johns Hopkins
                  University},
  aditor =	 {Charles Saunders Peirce},
  pages =	 {187--203},
  address =	 {Philadelphia},
  publisher =	 {John Benjamins},
  note =	 {Reprinted in \cite[pp.~453--466]{Peirce1986}}
}

@book{Peirce1984,
  author =	 {Charles Sanders Peirce},
  year =	 1984,
  title =	 {Writings of {C}harles {S}. {P}eirce. {V}ol.~2:
                  1867--1871},
  editor =	 {Ch. J. W. Kloesel},
  address =	 {Bloomington},
  publisher =	 {Indiana University Press}
}

@Article{Peirce1985,
  author =	 {Charles Sanders Peirce},
  year =	 1885,
  title =	 {On the algebra of logic: a contribution to the
                  philosophy of notation},
  journal =	 {American Journal of Mathematics},
  volume =	 7,
  pages =	 {180--202},
  note =	 {Reprinted in \cite[pp.~162--190]{Peirce1993}}
}

@book{Peirce1986,
  author =	 {Charles Sanders Peirce},
  year =	 1986,
  title =	 {Writings of {C}harles {S}. {P}eirce. {V}ol.~4:
                  1879--1884},
  editor =	 {Ch. J. W. Kloesel},
  address =	 {Bloomington},
  publisher =	 {Indiana University Press}
}

@book{Peirce1993,
  author =	 {Charles Sanders Peirce},
  year =	 1993,
  title =	 {Writings of {C}harles {S}. {P}eirce. {V}ol.~5:
                  1884--1886},
  editor =	 {Ch. J. W. Kloesel},
  address =	 {Bloomington},
  publisher =	 {Indiana University Press}
}

@incollection{Pieri1901,
  author =	 {Mario Pieri},
  year =	 1901,
  title =	 {Sur la g{\'e}om{\'e}trie envisag\'{e}e comme un
                  syst{\`e}me purement logique},
  booktitle =	 {Biblioth\`{e}que du Congr\`{e}s international de
                  philosophie, Paris 1900},
  publisher =	 {A. Colin},
  address =	 {Paris},
  pages =	 {367--404},
  note =	 {Reprinted in \cite[pp.~235--272]{Pieri1980}}
}

@Article{Pieri1904,
  author =	 {Mario Pieri},
  title =	 {Circa il teorema fondamentale di {S}taudt e i
                  principi della geometria projettiva},
  journal =	 {Atti della Reale academia delle scienze di Torino},
  volume =	 39,
  pages =	 {313--331},
  year =	 1904,
  note =	 {Reprinted in \cite[pp.~289--307]{Pieri1980}}
}

@Book{Pieri1980,
  author =	 {Mario Pieri},
  title =	 {Opere Scelte I: Opere sui fondamenti della
                  matematica},
  publisher =	 {UMI},
  year =	 1980,
  address =	 {Bologna}
}

@misc{Poincare1906,
  author =	 {Henri Poincar\'{e}},
  title =	 {Letter to {E}rnst {Z}ermelo, {J}une 16, 1906},
  note =	 {In \cite[pp.~105]{Heinzmann1986}},
  year =	 1906
}

@Book{Penrose1994,
  author =	 {Roger Penrose},
  title =	 {Shadows of the Mind},
  publisher =	 {Oxford University Press},
  year =	 1994,
  address =	 {Oxford}
}

@Article{Peter1934,
  author =	 {R\'osza P\'eter},
  title =	 {\"Uber den {Z}usammenhang der verschiedenen
                  {B}egriffe der rekursiven {F}unktionen},
  journal =	 {Mathematische Annalen},
  year =	 1934,
  volume =	 110,
  pages =	 {612--632}
}

@Article{Peter1935,
  author =	 {R\'osza P\'eter},
  title =	 {Konstruktion nichtrekursiver {F}unktionen},
  journal =	 {Mathematische Annalen},
  year =	 1935,
  volume =	 111,
  pages =	 {42--60}
}

@Article{Poincare1906a,
  author =	 {Henri Poincar\'{e}},
  year =	 1906,
  title =	 {Les math{\'e}matiques et la logique},
  journal =	 {Revue de m{\'e}taphysique et de morale},
  volume =	 14,
  pages =	 {294--317},
  note =	 {{E}nglish translation in
                  \cite[pp.~1038--1052]{Ewald1996}}
}

@Misc{Pohlers1987,
  author =	 {Wolfram Pohlers},
  title =	 {Contributions of the {S}ch\"utte school school in
                  {M}unich to proof theory},
  year =	 1987,
  note =	 {Appendix to \cite{Takeuti1987}}
}

@InCollection{Pohlers1998,
  author =	 {Wolfram Pohlers},
  title =	 {Subsystems of set theory and second-order number
                  theory},
  booktitle =	 {Handbook of Proof Theory},
  crossref =	 {Buss1998},
  year =	 1998
}

@Article{Poincare1906b,
  author =	 {Henri Poincar\'{e}},
  title =	 {A propos de la logistique},
  journal =	 {Revue de m{\'e}taphysique et de morale},
  year =	 1906,
  pages =	 {866--868}
}

@Article{Poincare1909,
  author =	 {Henri Poincar\'{e}},
  title =	 {R{\'e}flexions sur les deux notes
                  pr{\'e}c{\'e}dentes},
  journal =	 {Acta Mathematica},
  year =	 1909,
  volume =	 32,
  pages =	 {195--200}
}

@Book{Poincare1952,
  author =	 {Henri Poincar\'{e}},
  title =	 {Science and Method},
  publisher =	 {Dover},
  year =	 1952,
  address =	 {New York}
}

@Article{Post1921,
  author =	 {Emil L. Post},
  year =	 1921,
  title =	 {Introduction to a general theory of elementary
                  propositions},
  journal =	 {American Journal of Mathematics},
  volume =	 43,
  pages =	 {163--185},
  note =	 {Reprinted in \cite[pp.~264--283]{Heijenoort1967}}
}

@article{Post1921a,
  author =	 {Emil L. Post},
  title =	 {On a simple class of deductive systems (Abstract)},
  journal =	 {Bulletin of the American Mathematical Society},
  pages =	 {396--397},
  volume =	 27,
  number =	 {9--10},
  year =	 1921
}


@Article{Post1936,
  author =	 {Emil L. Post},
  title =	 {Finite combinatorial processes. {F}ormulation~{I}},
  journal =	 {Journal of Symbolic Logic},
  year =	 1936,
  volume =	 1,
  pages =	 {103--105}
}

@incollection{Post1965,
  author =	 {Emil L. Post},
  title =	 {Absolutely unsolvable problems and relatively
                  undecidable propositions: Account of an
                  anticipation},
  booktitle =	 {The Undecidable},
  crossref =	 {Davis1965},
  year =	 1965,
  pages =	 {340--433}
}

@Article{Posy1974,
  author =	 {Carl J. Posy},
  title =	 {Brouwer's Constructivism},
  journal =	 {Synthese},
  year =	 1974,
  volume =	 27,
  pages =	 {125--159}
}

@Book{Potter2000,
  author =	 {Michael Potter},
  title =	 {Reason's Nearest Kin},
  publisher =	 {Oxford University Press},
  year =	 2000,
  address =	 {Oxford}
}

@INCOLLECTION{Prawitz1981,
  author =	 {Dag Prawitz},
  editor =	 {G. Fl{\o}istad},
  year =	 1981,
  title =	 {Philosophical aspects of proof theory},
  booktitle =	 {Contemporary Philosophy. A New Survey},
  volume =	 1,
  pages =	 {235--77},
  publisher =	 {Nijhoff},
  address =	 {The Hague}
}

@INCOLLECTION{Prawitz1993,
  author =	 {Dag Prawitz},
  editor =	 {G. Corsi and M. L. Della Chiara and G. C. Ghirardi},
  year =	 1993,
  title =	 {Remarks on {H}ilbert's Program for the foundations
                  of mathematics},
  booktitle =	 {Bridging the Gap. Philosophy, Mathematics, and
                  Physics},
  pages =	 {87--98},
  publisher =	 {Kluwer},
  address =	 {Dordrecht}
}

@inproceedings{Presburger1930,
  author =	 {Moj{\.e}sz Presburger},
  title =	 {{\"U}ber die {V}ollst{\"a}ndigkeit eines gewisse
                  {S}ystems der {A}rithmetik ganzer {Z}ahlen, in
                  welchem die {A}ddition als einzige {O}peration
                  hervortritt},
  booktitle =	 {Comptes-rendus du I Congr\`es des Math\'ematiciens
                  des Pays Slaves, Varsovie 1929},
  year =	 1930,
  editor =	 {F. Leja},
  pages =	 {92--101},
  note =	 {Translated as ``On the completeness of a certain
                  system of arithmetic of whole numbers in which
                  addition occurs as the only operation,''
                  \emph{History and Philosophy of Logic} 12 (1991),
                  225--233}
}

@Article{Quine1955,
  author =	 {Willard Van Orman Quine},
  year =	 1955,
  title =	 {On {F}rege's way out},
  journal =	 {Mind},
  volume =	 64,
  pages =	 {145--159}
}

@InCollection{Pudlak1998,
  author =	 {Pavel Pudl\'ak},
  title =	 {The length of proofs},
  booktitle =	 {Handbook of Proof Theory},
  crossref =	 {Buss1998},
  year =	 1998
}

@Article{Quine1955a,
  author =	 {Willard Van Orman Quine},
  year =	 1955,
  title =	 {A Proof procedure for Quantification Theory},
  journal =	 {Journal of Symbolic Logic},
  volume =	 20,
  pages =	 {141--149}
}

@book{Quine1972,
  author =	 {Willard Van Orman Quine},
  year =	 1972,
  title =	 {The Methods of Logic},
  edition =	 3,
  address =	 {New York},
  publisher =	 {Holt, Rinehart \& Winston}
}

@Article{Quine1987,
  author =	 {Willard Van Orman Quine},
  year =	 1987,
  title =	 {Peano as Logician},
  journal =	 {History and Philosophy of Logic},
  volume =	 8,
  pages =	 {15--24}
}

@Article{Raatikainen2003,
  author =	 {Raatikainen, Panu},
  journal =	 {Synthese},
  pages =	 {157--177},
  title =	 {Hilbert's Program Revisited},
  volume =	 137,
  year =	 2003
}

@Article{Rathjen2005a,
  author =	 {Rathjen, Michael},
  doi =		 {10.1007/s00153-004-0226-2},
  journal =	 {Archive for Mathematical Logic},
  pages =	 {1--62},
  title =	 {An ordinal analysis of stability},
  volume =	 44,
  year =	 2005
}

@Article{Rathjen2005b,
  author =	 {Rathjen, Michael},
  journal =	 {Archive for Mathematical Logic},
  pages =	 {263--362},
  title =	 {An ordinal analysis of parameter free
                  ${\Pi}^1_2$-comprehension},
  volume =	 44,
  year =	 2005
}

@Article{Ramsey1925,
  author =	 {Frank P. Ramsey},
  year =	 1925,
  title =	 {The Foundations of Mathematics},
  journal =	 {Proceedings of the London Mathematical Society},
  volume =	 25,
  pages =	 {338--384},
  note =	 {Reprinted in \cite[pp.~164-224]{Ramsey1990}}
}

@Article{Ramsey1926,
  author =	 {Frank P. Ramsey},
  title =	 {Mathematical logic},
  journal =	 {The Mathematical Gazette},
  year =	 1926,
  volume =	 13,
  pages =	 {185--94},
  note =	 {Reprinted in \cite[pp.~225--244]{Ramsey1990}}
}

@Article{Ramsey1930,
  author =	 {Frank P. Ramsey},
  title =	 {On a problem of formal logic},
  journal =	 {Proceedings of the London Mathematical Society, 2nd
                  Series},
  year =	 1930,
  volume =	 30,
  pages =	 {264--286}
}

@book{Ramsey1990,
  author =	 {Frank P. Ramsey},
  title =	 {Philosophical Papers},
  editor =	 {D. H. Mellor},
  publisher =	 {Cambridge University Press},
  address =	 {Cambridge},
  year =	 1990
}

@Article{Ray1996,
  author =	 {Greg Ray},
  year =	 1996,
  title =	 {Logical consequence: a defence of {T}arski},
  journal =	 {Journal of Philosophical Logic},
  volume =	 25,
  pages =	 {617--677}
}

@Book{Reid1970,
  author =	 {Constance Reid},
  year =	 1970,
  title =	 {Hilbert},
  publisher =	 {Springer},
  address =	 {New York}
}

@Article{Resnik1974,
  author =	 {Michael D. Resnik},
  title =	 {The {F}rege-{H}ilbert Controversy},
  journal =	 {Philosophy and Phenomenological Research},
  Volume =	 34,
  year =	 1974,
  pages =	 {386--403}
}

@Article{Resnik1974a,
  author =	 {Michael D. Resnik},
  title =	 {On the philosophical significance of consistency
                  proofs},
  journal =	 {Journal of Philosophical Logic},
  year =	 1974,
  volume =	 3,
  pages =	 {133--47},
  annote =	 {Reprinted in \cite[pp.~115--130]{Shanker1988}}
}

@Book{Resnik1980,
  author =	 {Michael Resnik},
  title =	 {Frege and the Philosophy of Mathematics},
  publisher =	 {Cornell University Press},
  year =	 1980,
  address =	 {Ithaca}
}

@Article{Read1997,
  author =	 {Stephen Read},
  title =	 {Completeness and Categoricity: {F}rege, {G}{\"o}del
                  and model theory},
  journal =	 {History and Philosophy of Logic},
  year =	 1997,
  volume =	 18,
  pages =	 {79--93}
}

@Article{Richard1905,
  author =	 {Jules Richard},
  year =	 1905,
  title =	 {Les principes des math\'{e}matiques et le
                  probl\`{e}me des ensembles},
  journal =	 {Revue G\'{e}n\'{e}rale des Sciences Pures et
                  Appliqu\'{e}es},
  volume =	 16,
  pages =	 541,
  note =	 {Reprinted as ``Lettre a Monsieur le r\'{e}dacteur de
                  la revue G\'{e}n\'{e}rale des Sciences,'' \emph{Acta
                  Mathematica} 30 (1906) 295--296. {E}nglish
                  translation in \cite[pp.~142--44]{Heijenoort1967}}
}

@book{Rivenc1993,
  author =	 {Rivenc, F.},
  title =	 {Recherches sur l'Universalisme Logique. Russell et
                  Carnap},
  publisher =	 {Payot},
  address =	 {Paris},
  year =	 1993
}

@book{Rodriguez-Consuegra1991,
  author =	 {Francisco A. Rodriguez-Consuegra},
  year =	 1991,
  title =	 {The Mathematical Philosophy of {B}ertrand {R}ussell:
                  Origins and Development},
  publisher =	 {Birkh\"{a}user},
  address =	 {Basel}
}

@Article{Rose1958,
  author =	 {Alan Rose and J. Barkley Rosser},
  title =	 {Fragments of many-valued statement calculi},
  journal =	 {Transactions of the American Mathematical Society},
  year =	 1958,
  volume =	 87,
  pages =	 {1--53}
}

@Article{Rosser1936,
  author =	 {J. Barkley Rosser},
  title =	 {Extensions of some theorems of {G}{\"o}del and
                  {C}hurch},
  journal =	 {Journal of Symbolic Logic},
  volume =	 1,
  pages =	 {87--91},
  year =	 1936
}

@Article{Rosser1937,
  author =	 {J. Barkley Rosser},
  title =	 {{Review of \cite{Malcev1936}}},
  journal =	 {Journal of Symbolic Logic},
  year =	 1937,
  volume =	 2,
  pages =	 84
}

@incollection{Rouilhan1991,
  author =	 {Philippe de Rouilhan},
  year =	 1991,
  title =	 {De l'universalit\'{e} de la logique},
  editor =	 {Jacques Bouveresse},
  booktitle =	 {L'\^{a}ge de la science},
  volume =	 {4, part I},
  publisher =	 {Jacob},
  address =	 {Paris},
  pages =	 {93--119}
}

@book{Rouilhan1996,
  author =	 {Philippe de Rouilhan},
  year =	 1996,
  title =	 {Russell et le Cercle de Paradoxes},
  publisher =	 {Presses Universitaires de France},
  address =	 {Paris}
}

@incollection{Rouilhan1998,
  author =	 {Philippe de Rouilhan},
  year =	 1998,
  title =	 {Tarski et l'universalit\'{e} de la logique},
  editor =	 {F. Nef and D. Vernant},
  booktitle =	 {Le Formalisme en Question. Le Tournant des
                  Ann\'{e}es 30},
  publisher =	 {Vrin},
  address =	 {Paris},
  pages =	 {85--102}
}

@Article{Russell1901,
  author =	 {Bertrand Russell},
  year =	 1901,
  title =	 {Sur la logique des relations avec des applications
                  \`{a} la th\'{e}orie des series},
  journal =	 {Revue des Math\'{e}matiques},
  volume =	 7,
  pages =	 {115--148},
  note =	 {Reprinted in \cite[pp.~618--627]{Russell1994a}}
}

@Article{Russell1901a,
  author =	 {Bertrand Russell},
  year =	 1901,
  title =	 {Recent work on the principles of mathematics},
  journal =	 {International Monthly},
  volume =	 4,
  pages =	 {83--101},
  note =	 {Reprinted in \cite[pp.~363--369]{Russell1994a}}
}

@Article{Russell1902,
  year =	 1902,
  author =	 {Bertrand Russell},
  title =	 {Th\'{e}orie g\'{e}n\'{e}rale des series
                  bien-ordonn\'{e}es},
  journal =	 {Revue des Math\'{e}matiques},
  volume =	 8,
  pages =	 {12--43},
  note =	 {Reprinted in \cite[pp.~661--673]{Russell1994a}}
}

@InCollection{Russell1902a,
  author =	 {Bertrand Russell},
  title =	 {Letter to {F}rege, {J}une 16, 1902},
  crossref =	 {Heijenoort1967},
  pages =	 {124--125},
  year =	 1902
}

@Book{Russell1903,
  author =	 {Bertrand Russell},
  title =	 {The Principles of Mathematics},
  publisher =	 {Cambridge University Press},
  year =	 1903,
  address =	 {Cambridge}
}

@Article{Russell1905,
  author =	 {Bertrand Russell},
  title =	 {On denoting},
  journal =	 {Mind},
  year =	 1905,
  volume =	 14,
  pages =	 {479--493},
  note =	 {Reprinted in \cite[pp.~414--427]{Russell1994b}}
}

@Article{Russell1906,
  author =	 {Bertrand Russell},
  title =	 {On some difficulties in the theory of transfinite
                  numbers and order types},
  journal =	 {Proceedings of the London Mathematical Society},
  year =	 1906,
  volume =	 4,
  pages =	 {29--53}
}

@Article{Russell1906a,
  author =	 {Bertrand Russell},
  title =	 {Les paradoxes de la logique},
  journal =	 {Revue de metaphysique et de morale},
  year =	 1906,
  volume =	 14,
  pages =	 {627--650}
}

@Article{Russell1908,
  author =	 {Bertrand Russell},
  title =	 {Mathematical logic as based on the theory of types},
  journal =	 {Americal Journal of Mathematics},
  year =	 1908,
  volume =	 30,
  pages =	 {222--262},
  note =	 {Reprinted in \cite[pp.~150--182]{Heijenoort1967}}
}

@Book{Russell1910,
  author =	 {Alfred North Whitehead and Bertrand Russell},
  year =	 1910,
  title =	 {Principia Mathematica},
  volume =	 1,
  publisher =	 {Cambridge University Press},
  address =	 {Cambridge}
}

@Article{Russell1910a,
  author =	 {Bertrand Russell},
  title =	 {La th\'{e}orie des types logiques},
  journal =	 {Revue de m\'{e}taphysique et de morale},
  year =	 1910,
  volume =	 18,
  pages =	 {263--301}
}

@Book{Russell1912,
  author =	 {Alfred North Whitehead and Bertrand Russell},
  year =	 1912,
  title =	 {Principia Mathematica},
  volume =	 2,
  publisher =	 {Cambridge University Press},
  address =	 {Cambridge}
}

@Book{Russell1913,
  author =	 {Alfred North Whitehead and Bertrand Russell},
  year =	 1913,
  title =	 {Principia Mathematica},
  volume =	 3,
  publisher =	 {Cambridge University Press},
  address =	 {Cambridge}
}

@book{Russell1919,
  author =	 {Bertrand Russell},
  year =	 1919,
  title =	 {Introduction to Mathematical Philosophy},
  publisher =	 {Allen and Unwin},
  address =	 {London}
}

@book{Russell1967,
  author =	 {Bertrand Russell},
  year =	 1967,
  title =	 {The Autobiography of Bertrand Russell},
  volume =	 1,
  publisher =	 {Allen and Unwin},
  address =	 {London}
}

@incollection{Russell1989,
  author =	 {Bertrand Russell},
  title =	 {My mental development},
  pages =	 {3--20},
  booktitle =	 {The Philosophy of Bertrand Russell},
  editor =	 {Paul Arthul Schilpp},
  publisher =	 {Open Court},
  address =	 {La Salle, IL},
  year =	 1989,
  editition =	 {5th}
}

@book{Russell1973,
  author =	 {Bertrand Russell},
  year =	 1973,
  title =	 {Essays in Analysis},
  editor =	 {D. P. Lackey},
  publisher =	 {Allen and Unwin},
  address =	 {London}
}

@book{Russell1983,
  author =	 {Bertrand Russell},
  year =	 1983,
  title =	 {Collected Papers},
  publisher =	 {Routledge},
  address =	 {London}
}

@Book{Russell1994a,
  author =	 {Bertrand Russell},
  editor =	 {Gregory H. Moore},
  title =	 {Collected Works, Vol.~3. {T}oward the ``{P}rinciples
                  of Mathematics", 1900--02},
  booktitle =	 {Collected Works, Vol.~3. {T}oward the ``{P}rinciples
                  of Mathematics", 1900--02},
  publisher =	 {Routledge},
  year =	 1994,
  address =	 {London and New York}
}

@Book{Russell1994b,
  author =	 {Bertrand Russell},
  editor =	 {Alasdair Urquhart},
  title =	 {Collected Works, Vol.~4. {F}oundations of Logic,
                  1903--05},
  booktitle =	 {Collected Works, Vol.~4. {F}oundations of Logic,
                  1903--05},
  publisher =	 {Routledge},
  year =	 1994,
  address =	 {London and New York}
}

@Article{Sagueillo1997,
  author =	 {Sag\"uillo, Jos\'e},
  title =	 {Logical Consequence Revisited},
  journal =	 {Bulletin of Symbolic Logic},
  year =	 1997,
  volume =	 3,
  pages =	 {216-241}
}

@Article{Scanlan1991,
  author =	 {Michael Scanlan},
  title =	 {Who were the {A}merican Postulate Theorists?},
  journal =	 {Journal of Symbolic Logic},
  year =	 1991,
  volume =	 56,
  pages =	 {981--1002}
}

@Article{Scanlan2003,
  author =	 {Michael Scanlan},
  title =	 {American Postulate theorists and {A}lfred {T}arski},
  journal =	 {History and Philosophy of Logic},
  year =	 2003,
  volume =	 24,
  pages =	 {307--325}
}

@Unpublished{Schonfinkel1922,
  author =	 {Moses Sch{\"o}nfinkel},
  title =	 {Zum {E}ntscheidungsproblem der mathematischen
                  {L}ogik},
  note =	 {Manuscript, 21 pp. Bernays Nachla\ss, WHS, ETH
                  Z\"urich Archive, Hs. 974.282},
  year =	 1922
}

@Article{Schonfinkel1924,
  author =	 {Moses Sch{\"o}nfinkel},
  title =	 {{\"U}ber die {B}austeine der mathematischen {L}ogik},
  journal =	 {Mathe\-ma\-tische An\-nalen},
  year =	 1924,
  volume =	 92,
  pages =	 {305--316},
  note =	 {{E}nglish translation in
                  \cite[pp.~355--366]{Heijenoort1967}}
}

@book{Schroder1990,
  author =	 {Ernst Schr{\"o}der},
  year =	 1890,
  title =	 {Vorlesungen {\"u}ber die {A}lgebra der {L}ogik
                  (exakte {L}ogik)},
  volume =	 1,
  note =	 {Reprinted 1966, New York: Chelsea}
}

@Book{Schroder1991,
  author =	 {Ernst Schr{\"o}der},
  year =	 1891,
  title =	 {Vorlesungen \"uber die {A}lgebra der {L}ogik},
  volume =	 2,
  publisher =	 {Teubner},
  address =	 {Leipzig},
  note =	 {Reprinted 1966, New York: Chelsea}
}

@Book{Schroder1995,
  author =	 {Ernst Schr{\"o}der},
  year =	 1895,
  title =	 {Vorlesungen \"uber die {A}lgebra der {L}ogik},
  volume =	 3,
  publisher =	 {Teubner},
  address =	 {Leipzig},
  note =	 {Reprinted 1966, New York: Chelsea}
}

@Article{Schroder1998,
  author =	 {Ernst Schr{\"o}der},
  year =	 1898,
  title =	 {On pasigraphy. {I}ts presents state and the
                  pasigraphic movement in {I}taly},
  journal =	 {The Monist},
  volume =	 9,
  pages =	 {246--262, 320}
}

@Article{Schroder-Heister2002,
  author =	 {Peter Schr\"oder-Heister},
  title =	 {Resolution and the origins of structural reasoning:
                  early proof-theoretic ideas of {H}ertz and
                  {G}entzen},
  journal =	 {Bulletin of Symbolic Logic},
  year =	 2002,
  volume =	 8,
  pages =	 {246--265}
}

@Article{Schutte1934,
  author =	 {Kurt Sch{\"u}tte},
  title =	 {Untersuchungen zum {E}ntscheidungsproblem der
                  mathematischen {L}ogik},
  journal =	 {Mathe\-ma\-tische An\-nalen},
  year =	 1934,
  volume =	 109,
  pages =	 {572--603}
}

@incollection{Schurz1999,
  author =	 {Gerhard Schurz},
  editor =	 {Jan Wolenski and Eckehart K�hler},
  publisher =	 {Kluwer},
  address =	 {Dordrecht},
  title =	 {Tarski and {C}arnap on Logical Truth---or: {W}hat is
                  Genuine Logic?},
  booktitle =	 {Alfred Tarski and the Vienna Circle},
  year =	 1999,
  pages =	 {77-94}
}

@Book{Schutte1960,
  author =	 {Kurt Sch{\"u}tte},
  title =	 {Beweistheorie},
  publisher =	 {Springer},
  year =	 1960,
  address =	 {Berlin}
}

@Book{Shanker1988,
  author =	 {Stuart G. Shanker},
  title =	 {G\"odel's Theorem in Focus},
  publisher =	 {Routledge},
  year =	 1988,
  address =	 {London}
}

@Article{Mints1996,
  author =	 {Mints, Grigori and Tupailo, Sergei and Buchholz,
                  Wilhelm},
  year =	 1996,
  title =	 {Epsilon substitution method for elementary analysis},
  journal =	 {Archive for Mathematical Logic},
  volume =	 35,
  pages =	 {103--130}
}

@incollection{Mints1999,
  author =	 {Mints, Grigori and Tupailo, Sergei},
  year =	 1999,
  title =	 {Epsilon-substitution method for the ramified
                  language and ${\Delta_1^1}$-comprehension rule},
  editor =	 {Andrea Cantini and others},
  booktitle =	 {Logic and Foundations of Mathematics},
  address =	 {Dordrecht},
  publisher =	 {Kluwer},
  pages =	 {107--130}
}

@Article{Arai2002,
  author =	 {Toshiyasu Arai},
  year =	 2002,
  title =	 {Epsilon substitution method for theories of jump
                  hierarchies},
  journal =	 {Archive for Mathematical Logic},
  volume =	 41,
  pages =	 {123--153}
}

@Article{Arai2003,
  author =	 {Toshiyasu Arai},
  title =	 {Epsilon substitution method for
                  ${ID}_{1}({\Pi}^{0}_{1}\lor{\Sigma}_{1}^{0})$},
  journal =	 {Annals of Pure and Applied Logic },
  year =	 2003,
  volume =	 121,
  pages =	 {163--208}
}

@Book{Schirn1998,
  editor =	 {Matthias Schirn},
  year =	 1998,
  title =	 {The Philosophy of Mathematics Today},
  booktitle =	 {The Philosophy of Mathematics Today},
  publisher =	 {Oxford University Press},
  address =	 {Oxford}
}

@Article{Schutte1934a,
  author =	 {Kurt Sch{\"u}tte},
  title =	 {{\"U}ber die {E}rf{\"u}llbarkeit einer {K}lasse von
                  logischen {F}ormeln},
  journal =	 {Mathe\-ma\-tische An\-nalen},
  year =	 1934,
  volume =	 110,
  pages =	 {572--603}
}

@Article{Shapiro1981,
  author =	 {Shapiro, Stewart},
  year =	 1981,
  title =	 {Understanding {C}hurch's Thesis},
  journal =	 {Journal of Philosophical Logic},
  volume =	 10,
  pages =	 {353-365}
}

@Article{Sheffer1913,
  author =	 {Henry Maurice Sheffer},
  year =	 1913,
  title =	 {A set of five independent postulates for {B}oolean
                  algebras, with application to logical constants},
  journal =	 {Transactions of the American Mathematical Society},
  volume =	 14,
  pages =	 {481--488}
}

@Article{Sieg1988,
  author =	 {Wilfried Sieg},
  year =	 1988,
  title =	 {Hilbert's program sixty years later},
  journal =	 {Journal of Symbolic Logic},
  volume =	 53,
  number =	 2,
  pages =	 {338--348}
}

@INCOLLECTION{Sieg1990,
  author =	 {Wilfried Sieg},
  editor =	 {Wilfried Sieg},
  year =	 1990,
  title =	 {Reflections on {H}ilbert's program},
  booktitle =	 {Acting and Reflecting},
  pages =	 {171--82},
  publisher =	 {Kluwer},
  address =	 {Dordrecht}
}

@Article{Sieg1997,
  author =	 {Wilfried Sieg},
  title =	 {Step by recursive step: {C}hurch's analysis of
                  effective computability},
  journal =	 {Bulletin of Symbolic Logic},
  year =	 1997,
  volume =	 3,
  pages =	 {154--180}
}

@Article{Sieg1999,
  author =	 {Wilfried Sieg},
  title =	 {Hilbert's Programs: 1917--1922},
  year =	 1999,
  volume =	 5,
  number =	 1,
  pages =	 {1--44},
  journal =	 bsl
}

@InCollection{Sieg2002,
  author =	 {Wilfried Sieg},
  title =	 {Beyond {H}ilbert's reach?},
  booktitle =	 {Reading Natural Philosophy. Essays in the History
                  and Philosophy of Science and Mathematics},
  pages =	 {363--405},
  publisher =	 {Open Court},
  year =	 2002,
  editor =	 {David B. Malament},
  address =	 {Chicago and La Salle, Ill.}
}

@Article{Sieg2005,
  author =	 {Wilfried Sieg},
  title =	 {Only two letters: The correspondence between
                  {H}erbrand and {G}\"odel},
  journal =	 {Bulletin of Symbolic Logic},
  year =	 2005,
  volume =	 11,
  pages =	 {172--184}
}

@Article{Sieg2006,
  author =	 {Wilfried Sieg},
  title =	 {G\"odel on computability},
  journal =	 {Philosophia Mathematica},
  year =	 2006,
  volume =	 14,
  note =	 {forthcoming}
}

@Article{Sierpinski1918,
  author =	 {Wac{\l}aw Sierpinski},
  title =	 {L'axiome de {M}.~{Z}ermelo et son r\^{o}le dans la
                  th\'{e}orie des ensembles},
  journal =	 {Bulletin de l'Acad\'{e}mie des Sciences de Cracovie,
                  S\'{e}rie~{A}},
  year =	 1918,
  pages =	 {99--152}
}

@InCollection{Seldin1980,
  author =	 {Jonathan P. Seldin},
  title =	 {Curry's program},
  booktitle =	 {To H. B. Curry: Essays on Combinatory Logic, Lambda
                  calculus and Formalism},
  pages =	 {3--33},
  publisher =	 {Academic Press},
  year =	 1980,
  editor =	 {J. P. Seldin and J. R. Hindley},
  address =	 {London}
}

@InCollection{Seldin2006,
  author =	 {Jonathan P. Seldin},
  title =	 {The Logic of {C}urry and {C}hurch},
  booktitle =	 {Handbook of the History of Logic},
  publisher =	 {Elsevier},
  year =	 2006,
  editor =	 {Dov Gabbay and John Woods},
  volume =	 5,
  address =	 {Amsterdam},
  note =	 {forthcoming}
}

@Article{Simmons1994,
  author =	 {Simmons, Keith},
  year =	 1994,
  title =	 {A paradox of definability: {R}ichard's and
                  {P}oincar\'{e}'s way out},
  journal =	 {History and Philosophy of Logic},
  volume =	 15,
  pages =	 {33--??}
}

@Article{Simpson1988,
  author =	 {Stephen G. Simpson},
  year =	 1988,
  title =	 {Partial realizations of {H}ilbert's program},
  journal =	 {Journal of Symbolic Logic},
  volume =	 53,
  number =	 2,
  pages =	 {349--363}
}

@Book{Simpson1999,
  author =	 {Stephen G. Simpson},
  title =	 {Subsystems of Seond Order Arithmetic},
  publisher =	 {Springer},
  year =	 1999,
  address =	 {Berlin}
}

@Book{Simpson2005,
  author =	 {Stephen G. Simpson},
  title =	 {Reverse Mathematics 2001},
  publisher =	 {Association for Symbolic Logic and A K Peters},
  year =	 2005,
  series =	 {Lecture Notes in Logic~21},
  address =	 {Wellesley, Mass.}
}

@Article{Sinaceur1993,
  author =	 {Hourya Sina\d{c}eur},
  year =	 1993,
  title =	 {Du formalisme \`a la constructivit\'e: le finitisme},
  journal =	 {Revue Internationale de Philosophie},
  volume =	 47,
  number =	 4,
  pages =	 {251--283}
}

@book{Sinaceur1991,
  author =	 {Hourya B. Sina\d{c}eur},
  year =	 2006,
  title =	 {Fields and Models. From Sturm to Tarski and
                  Robinson},
  publisher =	 {Birkh\"auser},
  address =	 {Basel}
}

@Article{Skolem1914,
  author =	 {Thoralf Skolem},
  title =	 {{Review of \cite{Weyl1910}}},
  journal =	 {Jahrbuch f\"ur die Fortschritte der mathematik},
  year =	 1912,
  volume =	 41,
  number =	 1,
  pages =	 {89--90}
}

@Article{Skolem1919,
  author =	 {Thoralf Skolem},
  title =	 {Untersuchungen {\"u}ber die {A}xiome des
                  {K}lassenkalk{\"u}ls und {\"u}ber {P}roduktations-
                  und {S}ummationsprobleme, welche gewisse {K}lassen
                  von {A}ussagen betreffen},
  journal =	 {Videnskasselskapets skrifter,
                  I.~Matematisk-naturvidenskabelig klasse},
  year =	 1919,
  volume =	 {1919},
  number =	 3,
  pages = {1--37},
  note =	 {Reprinted in \cite[pp.~66--101]{Skolem1970}}
}

@Article{Skolem1920,
  author =	 {Thoralf Skolem},
  year =	 1920,
  title =	 {Logisch-kombinatorische {U}ntersuchungen {\"u}ber
                  die {E}rf{\"u}llbarkeit oder {B}eweisbarkeit
                  mathematischer {S}{\"a}tze nebst einem {T}heoreme
                  {\"u}ber dichte {M}engen},
  journal =	 {Videnskasselskapets skrifter,
                  I.~Matematisk-naturvidenskabelig klasse},
  volume = {1920},
  number =	 4,
  pages = {1--36},
  note =	 {Reprinted in \cite[pp.~103--136]{Skolem1970}. {E}nglish
                  translation of \S 1 in
                  \cite[pp.~252--263]{Heijenoort1967}}
}

@InProceedings{Skolem1923,
  author =	 {Thoralf Skolem},
  title =	 {Einige {B}emerkungen zur axiomatischen
                  {B}egr\"{u}ndung der {M}engenlehre},
  booktitle =	 {Matematikerkongressen i Helsingfors 4--7 Juli
                  1922. Den femte skandinaviska matematikerkongressen,
                  Redog\"orelse},
  year =	 1923,
  address =	 {Helsinki},
  publisher =	 {Akademiska Bokhandeln},
  pages =	 {217--232},
  note =	 {Reprinted in \cite[pp.~137--152]{Skolem1970}. {E}nglish
                  translation in \cite[pp.~290--301]{Heijenoort1967}}
}

@Article{Skolem1928,
  author =	 {Thoralf Skolem},
  title =	 {{\"U}ber die mathematische {L}ogik},
  journal =	 {Norsk Mathematisk Tidsskrift},
  year =	 1928,
  volume =	 106,
  pages =	 {125--142},
  note =	 {Lecture given to the Nowegian Mathematical Society,
                  22 October 1928. Reprinted in
                  \cite[pp.~189--206]{Skolem1970}. {E}nglish
                  translation in \cite[pp.~508--524]{Heijenoort1967}}
}

@Article{Skolem1929,
  author =	 {Thoralf Skolem},
  year =	 1929,
  title =	 {\"{U}ber einige {G}rundlagenfragen der {M}athematik},
  journal =	 {Skrifter utgitt av Det Norske Videnskaps-Akademi i
                  Oslo, I. Mathematisk-naturvidenskapelig klasse},
  volume =	 4,
  note =	 {Reprinted in \cite[pp.~227--273]{Skolem1970}}
}

@Article{Skolem1931,
  author =	 {Thoralf Skolem},
  year =	 1929,
  title =	 {\"{U}ber einige {S}atzfunktionen in der
                  {A}rithmetik},
  journal =	 {Skrifter utgitt av Det Norske Videnskaps-Akademi i
                  Oslo, I. Mathematisk-naturvidenskapelig klasse},
  volume =	 7,
  pages =	 {1--28},
  note =	 {Reprinted in \cite[pp.~281--306]{Skolem1970}}
}

@Article{Skolem1933,
  author =	 {Thoralf Skolem},
  year =	 1933,
  title =	 {\"{U}ber die {U}nm\"{o}glichkeit einer
                  vollst\"{a}ndigen {C}harakterisierung der
                  {Z}ahlenreihe mittels eines endlichen
                  {A}xiomensystems},
  journal =	 {Norsk matematisk forenings skrifter, series 2},
  volume =	 10,
  pages =	 {73--82},
  note =	 {Reprinted in \cite[pp.~345--354]{Skolem1970}}
}

@Article{Skolem1934,
  author =	 {Thoralf Skolem},
  year =	 1934,
  title =	 { \"{U}ber die {N}icht-{C}harakterisierbarkeit der
                  {Z}ahlenreihe mittels endlich oder abz\"{a}hlbar
                  unendlich vieler {A}ussagen mit ausschlie{\ss}lich
                  {Z}ahlenvariablen},
  journal =	 FUNDM,
  volume =	 23,
  pages =	 {150--161},
  note =	 {Reprinted in \cite[pp.~355--366]{Skolem1970}}
}

@Article{Skolem1935,
  author =	 {Thoralf Skolem},
  title =	 {{\"U}ber die {E}rf{\"u}llbarkeit gewisser
                  {Z}{\"a}hlausdr{\"u}cke},
  journal =	 {Skrifter utgitt av Det Norske Videnskaps-Akademi i
                  Oslo, I. Mathematisk-naturvidenskapelig klasse},
  year =	 1935,
  volume =	 6,
  pages =	 {1--12},
  note =	 {Reprinted in \cite[pp.~383--394]{Skolem1970}}
}

@incollection{Skolem1938,
  author =	 {Thoralf Skolem},
  year =	 1938,
  title =	 {Sur la port{\'e}e du th{\'e}or{\`e}me de
                  {L}{\"o}wenheim-{S}kolem},
  crossref =	 {Gonseth1941},
  note =	 {Reprinted in \cite[pp.~455--482]{Skolem1970}}
}

@book{Skolem1970,
  author =	 {Thoralf Skolem},
  year =	 1970,
  title =	 {Selected Works in Logic},
  editor =	 {Jens E. Fenstad},
  address =	 {Oslo},
  publisher =	 {Universitetsforlaget}
}

@Article{Slupecki1936,
  author =	 {Jerzy S{\l}upecki},
  title =	 {Der volle dreiwertige {A}ussagenkalk\"{u}l},
  journal =	 {Comptes Rendus des S\`{e}ancs de la Soci\'{e}t\'{e}
                  des Sciences et des Lettres de Varsovie, Classe III},
  year =	 1936,
  volume =	 29,
  pages =	 {9--11},
  note =	 {{E}nglish translation in
                  \cite[pp.~335--337]{McCall1967}}
}

@InCollection{Smorynski1977,
  author =	 {Craig Smory{\'n}ski},
  title =	 {The incompleteness theorems},
  booktitle =	 {Handbook of Mathematical Logic},
  crossref =	 {Barwise1977},
  pages =	 {821--865},
  year =	 1977
}

@TECHREPORT{Smorynski1988,
  author =	 {Craig Smory{\'n}ski},
  year =	 1988,
  title =	 {Hilbert's Programme},
  number =	 522,
  institution =	 {University of Utrecht, Department of Mathematics},
  type =	 {Preprint}
}

@Article{Smorynski1989,
  author =	 {Craig Smory\'{n}ski},
  year =	 1989,
  title =	 {Hilbert's programme},
  journal =	 {CWI Quarterly},
  volume =	 1,
  pages =	 {3--59}
}

@incollection{Stein1988,
  title =	 {\emph{Logos}, logic, and \emph{logisitik\'e}: Some
                  philosophical remarks on nineteenth-century
                  transformation of mathematics},
  author =	 {Howard Stein},
  booktitle =	 {History and Philosophy of Modern Mathematics},
  editor =	 {William Aspray and Philip Kitcher},
  series =	 {Minesota Studies in the Philosophy of Science},
  publisher =	 {University of Minnesota Press},
  volume =	 11,
  year =	 1988,
  pages =	 {238--259}
}

@Book{Steiner1975,
  author =	 {Mark Steiner},
  year =	 1975,
  title =	 {Mathematical Knowledge},
  publisher =	 {Cornell University Press},
  address =	 {Ithaca}
}

@Article{Steiner1991,
  author =	 {Mark Steiner},
  title =	 {Review of \emph{Hilbert's Program: An Essay on
                  Mathematical Instrumentalism} \cite{Detlefsen1986}},
  journal =	 {Journal of Philosophy},
  year =	 1991,
  volume =	 88,
  number =	 6,
  pages =	 {331-336}
}

@Book{Stigt1990,
  author =	 {Walter P. van Stigt},
  title =	 {Brouwer's Intuitionism},
  publisher =	 {North-Holland},
  year =	 1990,
  address =	 {Amsterdam}
}

@Article{Tait1961,
  author =	 {W. W. Tait},
  year =	 1961,
  title =	 {Nested recursion},
  journal =	 {Mathe\-ma\-tische An\-nalen},
  volume =	 143,
  pages =	 {236--250}
}

@Article{Tait1965,
  author =	 {W. W. Tait},
  year =	 1965,
  title =	 {Functionals defined by transfinite recursion},
  journal =	 {Journal of Symbolic Logic},
  volume =	 30,
  pages =	 {155-174}
}

@Article{Tait1965b,
  author =	 {W. W. Tait},
  year =	 1965,
  title =	 {The substitution method},
  journal =	 {Journal of Symbolic Logic},
  volume =	 30,
  pages =	 {175-192}
}

@INPROCEEDINGS{Tait1968,
  author =	 {W. W. Tait},
  editor =	 {B. Van Rootselaar and J. F. Staal},
  year =	 1968,
  title =	 {Constructive Reasoning},
  booktitle =	 {Logic, Methodology and Philosophy of Science
                  III. Amsterdam 1967},
  pages =	 {185-199},
  publisher =	 {North-Holland},
  address =	 {Amsterdam}
}

@Article{Tait1981,
  author =	 {W. W. Tait},
  year =	 1981,
  title =	 {Finitism},
  journal =	 jp,
  volume =	 78,
  pages =	 {524-546},
  note =	 {Reprinted in \cite[pp.~21--42]{Tait2005}}
}

@Article{Tait1986,
  author =	 {W. W. Tait},
  title =	 {Truth and proof: The platonism of mathematics},
  journal =	 {Synthese},
  year =	 1986,
  volume =	 69,
  pages =	 {341--370},
  note =	 {Reprinted in \cite[pp.~142--167]{Hart1996}}
}

@InCollection{Tait2002,
  author =	 {W. W. Tait},
  title =	 {Remarks on finitism},
  booktitle =	 {Reflections on the Foundations of
                  Mathematics. Essays in Honor of {S}olomon
                  {F}eferman},
  year =	 2002,
  series =	 {Lecture Notes in Logic~15},
  publisher =	 {Association for Symbolic Logic and A K Peters},
  editor =	 {Wilfried Sieg and Richard Sommer and Carolyn
                  Talcott},
  note =	 {Reprinted in \cite[pp.~43--53]{Tait2005}}
}

@Book{Tait2005,
  author =	 {William Tait},
  title =	 {The Provenance of Pure Reason. Essays in the
                  Philosophy of Mathematics and Its History},
  publisher =	 {Oxford University Press},
  year =	 2005,
  address =	 {New York}
}

@Article{Tait2005a,
  author =	 {W. W. Tait},
  title =	 {G\"odel's reformulation of {G}entzen's first
                  consistency proof for arithmetic: the
                  no-counterexample interpretation},
  journal =	 {Bulletin of Symbolic Logic},
  year =	 2005,
  volume =	 11,
  pages =	 {225--238}
}

@Book{Takeuti1987,
  author =	 {Gaisi Takeuti},
  year =	 1987,
  title =	 {Proof Theory},
  edition =	 {2nd},
  series =	 {Studies in Logic~81},
  publisher =	 {North-Holland},
  address =	 {Amsterdam}
}

@Article{Tappenden1997,
  author =	 {Jamie Tappenden},
  year =	 1997,
  title =	 {Metatheory and Mathematical Practice in {F}rege},
  journal =	 {Philosophical Topics},
  volume =	 25,
  pages =	 {213--264}
}

@Article{Tarski1930,
  author =	 {Alfred Tarski},
  year =	 1930,
  title =	 {Fundamentale {B}egriffe der {M}ethodologie der
                  deduktiven {W}issenschaften, {I}},
  journal =	 {Monatshefte f\"{u}r Mathematik und Physik},
  volume =	 37,
  pages =	 {361--404},
  note =	 {{E}nglish translation with revisions in
                  \cite[pp.~60--109]{Tarski1983}}
}

@Article{Tarski1930a,
  author =	 {Alfred Tarski},
  year =	 1930,
  title =	 {\"{U}ber einige fundamentale {B}egriffe der
                  {M}etamathematik},
  journal =	 {Sprawozdania z posiedzen Towarzystwa Naukowego
                  Warszwskiego, wydzial III},
  volume =	 23,
  pages =	 {22--29},
  note =	 {{E}nglish translation with revisions in
                  \cite[pp.~30--37]{Tarski1983}}
}

@Article{Tarski1931a,
  author =	 {Alfred Tarski},
  year =	 1931,
  title =	 {Sur les ensembles d\'{e}finissables de nombres
                  r\'{e}els, {I}.},
  journal =	 {Fundamenta Mathematicae},
  volume =	 17,
  pages =	 {210--239},
  note =	 {{E}nglish translation with revisions in
                  \cite[pp.~110--142]{Tarski1983}}
}

@Article{Tarski1931b,
  author =	 {Alfred Tarski and Kazimierz Kuratowski},
  year =	 1931,
  title =	 {Les operations logiques et les ensembles
                  projectives},
  journal =	 {Fundamenta Mathematicae},
  volume =	 17,
  pages =	 {240--248},
  note =	 {{E}nglish translation in
                  \cite[pp.~143--151]{Tarski1983}}
}

@Article{Tarski1932,
  author =	 {Alfred Tarski},
  year =	 1932,
  title =	 {Der {W}ahrheitsbegriff in den {S}prachen der
                  deduktiven {D}isziplinen},
  journal =	 {Anzeiger der Akademie der Wissenschaften in Wien},
  volume =	 69,
  pages =	 {23--25}
}

@Article{Tarski1933,
  author =	 {Alfred Tarski},
  year =	 1933,
  title =	 {Einige {B}etrachtungen \"uber die {B}egriffe der
                  $\omega$-{W}iderspruchsfreiheit und der
                  $\omega$-{V}ollst\"andigkeit},
  journal =	 {Monatshefte f\"{u}r Mathematik und Physik},
  volume =	 40,
  pages =	 {97--112},
  note =	 {{E}nglish translation with revisions in
                  \cite[pp.~279--295]{Tarski1983}}
}

@Article{Tarski1933a,
  author =	 {Alfred Tarski},
  title =	 {Poj\c{e}cie prawdy w j\c{e}zykach nauck dedukcyjnych
                  ({T}he concept of truth in the languages of
                  deductives sciences)},
  journal =	 {Prace Towarzystwa Naukowego Warszawskiego, wydzial
                  III},
  year =	 1933,
  volume =	 34,
  note =	 {German translation in \cite{Tarski1935a}. {E}nglish
                  translation in \cite[pp.~152--278]{Tarski1983}}
}

@Article{Tarski1934,
  author =	 {Alfred Tarski},
  year =	 {1934--35},
  title =	 {Einige methodologische {U}ntersuchungen \"uber die
                  {D}efinierbarkeit der {B}egriffe},
  journal =	 {Erkenntnis},
  volume =	 5,
  pages =	 {80--100},
  note =	 {{E}nglish translation in
                  \cite[pp.~296--319]{Tarski1983}}
}

@Article{Tarski1935a,
  author =	 {Alfred Tarski},
  year =	 1935,
  title =	 {Der {W}ahrheitsbegriff in den formalisierten
                  {S}prachen},
  journal =	 {Studia Philosophica (Lemberg)},
  volume =	 1,
  pages =	 {261--405},
  note =	 {{E}nglish translation in
                  \cite[pp.~152--278]{Tarski1983}}
}

@Article{Tarski1935b,
  author =	 {Alfred Tarski},
  year =	 1935,
  title =	 {Grundz\"{u}ge des {S}ystemenkalk\"{u}ls. {E}rster
                  {T}eil},
  journal =	 {Fundamenta Mathematicae},
  volume =	 25,
  pages =	 {503--526},
  note =	 {{E}nglish translation in
                  \cite[pp.~342--383]{Tarski1983}}
}

@Article{Tarski1936a,
  author =	 {Alfred Tarski},
  year =	 1936,
  title =	 {Grundz\"{u}ge des {S}ystemenkalk\"{u}ls. {Z}weiter
                  {T}eil},
  journal =	 {Fundamenta Mathematicae},
  volume =	 26,
  pages =	 {283--301},
  note =	 {{E}nglish translation in
                  \cite[pp.~342--383]{Tarski1983}}
}

@inproceedings{Tarski1936b,
  author =	 {Alfred Tarski},
  year =	 1936,
  title =	 {\"{U}ber den {B}egriff der logischen {F}olgerung},
  booktitle =	 {Actes du Congr\`es International de Philosophie
                  Scientifique 7, Actualit\'{e}s Scientifiques et
                  Industrielles},
  publisher =	 {Herman},
  address =	 {Paris},
  pages =	 {1--11},
  note =	 {{E}nglish translation with revisions in
                  \cite[pp.~409--420]{Tarski1983}}
}

@inproceedings{Tarski1937,
  author =	 {Alfred Tarski},
  year =	 1937,
  title =	 {Sur la m\'ethode deductive},
  booktitle =	 {Travaux du IXe Congr\`{e}s International de
                  Philosophie 6, Actualit\'{e}s Scientifiques et
                  Industrielles},
  publisher =	 {Herman},
  address =	 {Paris},
  pages =	 {95--103}
}

@Article{Tarski1941,
  author =	 {Alfred Tarski},
  year =	 1941,
  title =	 {On The Calculus of Relations},
  journal =	 {Journal of Symbolic Logic},
  volume =	 6,
  pages =	 {73--89}
}

@book{Tarski1948,
  author =	 {Alfred Tarski},
  title =	 {A Decision Method for Elementary Algebra and
                  Geometry},
  year =	 1948,
  note =	 {Second, rev. ed. 1951},
  publisher =	 {University of California Press},
  address =	 {Berkeley}
}

@book{Tarski1981,
  author =	 {Alfred Tarski},
  year =	 1981,
  title =	 {The Collected Works of {A}lfred {T}arski},
  volume =	 {I--IV},
  publisher =	 {Birkh\"{a}user},
  address =	 {Basel}
}

@Book{Tarski1983,
  author =	 {Alfred Tarski},
  editor =	 {John Corcoran},
  title =	 {Logic, Semantics, Metamathematics},
  publisher =	 {Hackett},
  year =	 1983,
  address =	 {Indianapolis},
  edition =	 {2nd}
}

@Article{Tarski1995,
  author =	 {Alfred Tarski},
  year =	 1995,
  title =	 {Some current problems in metamathematics},
  journal =	 {History and Philosophy of Logic},
  volume =	 16,
  pages =	 {159--168},
  note =	 {Edited by Jan Wo{\l}enski}
}

@book{Thiel1972,
  author =	 {Christian Thiel},
  year =	 1972,
  title =	 {Grundlagenkrise und {G}rundlagenstreit},
  publisher =	 {Anton Hain},
  address =	 {Meisenheim}
}

@Article{Thiel1988,
  author =	 {Christian Thiel},
  title =	 {Die {K}ontroverse um die intuitionistische {L}ogik
                  vor ihrer {A}xiomatisierung durch {H}eyting im
                  {J}ahre 1930},
  journal =	 {History and Philosophy of Logic},
  year =	 1988,
  volume =	 9,
  pages =	 {67--75}
}

@Article{Thiel1994,
  author =	 {Christian Thiel},
  title =	 {Schr\"oders zweiter {B}eweis f{\"u}r die
                  {U}nabh\"angigkeit der zweiten {S}ubsumtion des
                  {D}istributivgesetzes im logischen {K}alk\"ul},
  journal =	 {Modern Logic},
  year =	 1994,
  volume =	 4,
  pages =	 {382--391}
}

@incollection{Thiel2002,
  author =	 {Christian Thiel},
  year =	 2002,
  title =	 {G\"{o}dels {A}nteil am {S}treit \"{u}ber {B}ehmanns
                  {B}ehandlung der {A}ntinomien},
  booktitle =	 {Wahrheit und {B}eweisbarkeit. {L}eben und {W}erk {K}urt
                  {G}\"odels},
  volume =	 2,
  editor =	 {Eckehard K\"{o}hler and others},
  address =	 {Vienna},
  publisher =	 {H\"{o}lder-Pichler-Tempsky},
  pages =	 {387--394}
}

@Book{Toepell1986,
  author =	 {Michael-Markus Toepell},
  year =	 1986,
  title =	 {{\"U}ber die {E}ntstehung von {H}ilbert's
                  ``{G}rundlagen der {G}eometrie''},
  publisher =	 {Vandenhoek und Ruprecht},
  address =	 {G\"ottingen}
}

@InCollection{Troelstra1982,
  author =	 {Anne S. Troelstra},
  title =	 {On the origin and development of {B}rouwer's concept
                  of choice sequence},
  booktitle =	 {The {L}. {E}. {J}. {B}rouwer Centenary Symposium},
  pages =	 {465--486},
  year =	 1982,
  editor =	 {Anne S. Troelstra and Dirk van Dalen},
  publisher =	 {North-Holland}
}

@INPROCEEDINGS{Troelstra1983,
  author =	 {Anne S. Troelstra},
  editor =	 {Vito Michele Abrusci and Eva Casari and Massimo
                  Mugnai},
  year =	 1983,
  title =	 {Logic in the writings of {B}rouwer and {H}eyting},
  booktitle =	 {Atti del Convegno Internazionale di Storia della
                  Logica. 4--8 {D}ecember 1982, {S}an {G}imignano},
  pages =	 {193--210},
  publisher =	 {CLUEB},
  address =	 {Bologna}
}

@InCollection{Troelstra1986,
  author =	 {Anne S. Troelstra},
  title =	 {Introductory note to G\"{o}del 1933e
                  \cite{Godel1933b}},
  booktitle =	 {Kurt {G}{\"o}del. {C}ollected Works {I}},
  crossref =	 {Godel1986},
  pages =	 {282--287},
  year =	 1986
}

@Book{Troelstra1988,
  author =	 {Anne S. Troelstra and Dirk van Dalen},
  title =	 {Constructivism in Mathematics. An Introduction},
  publisher =	 {North-Holland},
  year =	 1988,
  volume =	 1,
  address =	 {Amsterdam}
}

@InCollection{Troelstra1990,
  author =	 {Anne S. Troelstra},
  title =	 {On the early history of intuitionistic logic},
  booktitle =	 {Mathematical Logic},
  pages =	 {3--17},
  publisher =	 {Plenum Press},
  year =	 1990,
  editor =	 {Petio P. Petkov},
  address =	 {New York and London}
}

@Article{Turing1937,
  author =	 {Alan M. Turing},
  title =	 {On computable numbers, with an application to the
                  ``{E}ntscheidungsproblem''},
  journal =	 {Proceedings of the London Mathematical Society, 2nd
                  Series},
  year =	 1937,
  volume =	 42,
  pages =	 {230--265}
}

@incollection{Urquhart2009,
  title =	 {{E}mil {P}ost},
  author =	 {Urquhart, Alasdair},
  editor =	 {Dov Gabbay and John Woods},
  booktitle =	 {Logic from {R}ussell to {C}hurch},
  series =	 {Handbook of the History of Logic},
  volume =	 5,
  pages =	 {617--666},
  year =	 2009,
  publisher =	 {North-Holland},
  address =	 {Amsterdam}
}


@incollection{Vaught1974,
  author =	 {Robert L. Vaught},
  year =	 1974,
  title =	 {Model Theory before 1945},
  pages =	 {153--172},
  crossref =	 {Henkin1974}
}

@Article{Veblen1904,
  author =	 {Oswald Veblen},
  title =	 {A system of axioms for geometry},
  journal =	 {Transactions of the American Mathematical Society},
  year =	 1904,
  volume =	 5,
  pages =	 {343--384}
}

@book{Veblen1910,
  author =	 {Veblen, Oswald and Young, John Wesley},
  title =	 {Projective Geometry},
  publisher =	 {Ginn and Company},
  address =	 {Boston},
  year =	 1910
}

@book{Vercelloni1988,
  author =	 {Vercelloni, Luca},
  year =	 1988,
  title =	 {Filosofia delle Strutture},
  publisher =	 {La Nuova Italia},
  address =	 {Florence}
}

@Article{Visser1989,
  author =	 {Albert Visser},
  title =	 {Peano's smart children: {A} provability logical
                  study of systems with built-in consistency},
  journal =	 {Notre Dame Journal of Formal Logic},
  year =	 1989,
  volume =	 30,
  pages =	 {161--196}
}

@book{Vuillemin1968,
  author =	 {Jules Vuillemin},
  year =	 1968,
  title =	 {Le{\c{c}}ons sur la premi{\`e}re philosophie de
                  {R}ussell},
  publisher =	 {Colin},
  address =	 {Paris}
}

@Article{Wajsberg1931,
  author =	 {Mordechaj Wajsberg},
  title =	 {Aksjomatyzacja tr\'\j warto\'sciowego rachnuku
                  zda\'n ({A}xiomatization of the three-valued
                  propositional calculus)},
  journal =	 {Comptes Rendus des S\`{e}ances de la Soci\'{e}t\'{e}
                  des Sciences et des Lettres de Varsovie, Classe III},
  year =	 1931,
  volume =	 24,
  pages =	 {126--145}
}

@InCollection{Wang1967,
  author =	 {Hao Wang},
  title =	 {Introductory note to {{\cite{Kolmogorov1925}}}},
  crossref =	 {Heijenoort1967},
  pages =	 {414--416},
  year =	 1967
}

@incollection{Wang1970,
  author =	 {Hao Wang},
  year =	 1970,
  title =	 {A survey of {S}kolem's work in logic},
  crossref =	 {Skolem1970},
  pages =	 {17--52}
}

@book{Wang1974,
  author =	 {Hao Wang},
  year =	 1974,
  title =	 {From Mathematics to Philosophy},
  address =	 {London},
  publisher =	 {Routledge \& Kegan Paul}
}

@book{Wang1987,
  author =	 {Hao Wang},
  year =	 1987,
  title =	 {Reflections on {K}urt {G}\"odel},
  publisher =	 {MIT Press},
  address =	 {Cambridge}
}

@book{Wang1996,
  author =	 {Hao Wang},
  title =	 {A Logical Journey},
  publisher =	 {MIT Press},
  address =	 {Cambridge, MA},
  year =	 1996
}

@Article{Wavre1926a,
  author =	 {Rolin Wavre},
  title =	 {Logique formelle et logique empiriste},
  journal =	 {Revue de M\'etaphysique et de Morale},
  year =	 1926,
  volume =	 33,
  pages =	 {65--75}
}

@Article{Wavre1926b,
  author =	 {Rolin Wavre},
  title =	 {Sur le principe du tiers exclu},
  journal =	 {Revue de M\'etaphysique et de Morale},
  year =	 1926,
  volume =	 33,
  pages =	 {425--430}
}

@incollection{Webb1995,
  author =	 {Judson C. Webb},
  year =	 1995,
  title =	 {Tracking contradictions in geometry: the idea of
                  model from {K}ant to {H}ilbert},
  editor =	 {Jaakko Hintikka},
  booktitle =	 {Essays on the Development of the Foundations of
                  Mathematics},
  publisher =	 {Kluwer},
  address =	 {Dordrecht},
  pages =	 {1-20}
}

@Article{Webb1997,
  author =	 {Judson C. Webb},
  title =	 {Hilbert's formalism and arithmetization of
                  mathematics},
  journal =	 {Synthese},
  year =	 1997,
  volume =	 110,
  pages =	 {1--14}
}

@Article{Weyl1910,
  author =	 {Hermann Weyl},
  year =	 1910,
  title =	 {\"{U}ber die {D}efinitionen der mathematischen
                  {G}rundbegriffe},
  journal =	 {Mathematisch-naturwissenschaftliche {B}l\"atter},
  volume =	 7,
  pages =	 {93--95, 109--113},
  note =	 {Reprinted in \cite[pp.~298--304]{Weyl1968a}}
}

@Book{Weyl1918,
  author =	 {Hermann Weyl},
  year =	 1918,
  title =	 {Das {K}ontinuum},
  note =	 {{E}nglish translation: \cite{Weyl1994}},
  publisher =	 {Veit},
  address =	 {Leipzig}
}

@Article{Weyl1919,
  author =	 {Hermann Weyl},
  title =	 {Der circulus vitiosus in der heutigen
                  {B}egr\"{u}ndung der {A}nalysis},
  journal =	 {Jahres\-bericht der Deut\-schen
                  Mathe\-matiker-Ver\-eini\-gung},
  year =	 1919,
  volume =	 28,
  pages =	 {85--92},
  note =	 {Reprinted in \cite[pp.~43--50]{Weyl1968a}. {E}nglish
                  Translation in \cite{Weyl1994}}
}

@Article{Weyl1921,
  author =	 {Hermann Weyl},
  title =	 {\"{U}ber die neue {G}rundlagenkrise der
                  {M}athematik},
  journal =	 {Mathematische Zeitschrift},
  year =	 1921,
  volume =	 10,
  pages =	 {37--79},
  note =	 {Reprinted in \cite[pp.~143-180]{Weyl1968a}. {E}nglish
                  translation in \cite[pp.~86--118]{Mancosu1998}},
  englishtitle = {On the new foundational crisis of mathematics}
}

@Article{Weyl1924,
  author =	 {Hermann Weyl},
  year =	 1924,
  title =	 {Randbemerkungen zu {H}auptproblemen der
                  {M}athematik},
  journal =	 {Mathe\-mati\-sche Zeit\-schrift},
  volume =	 20,
  pages =	 {131--50},
  note =	 {Reprinted in: \cite[pp.~433--52]{Weyl1968a}}
}

@Article{Weyl1925,
  author =	 {Hermann Weyl},
  year =	 1925,
  title =	 {Die heutige {E}rkenntnislage in der {M}athematik},
  journal =	 {Symposion},
  volume =	 1,
  pages =	 {1--23},
  note =	 {Reprinted in:
                  \cite[pp.~511--42]{Weyl1968a}. {E}nglish
                  translation in: \cite[pp.~123--42]{Mancosu1998}}
}

@book{Weyl1927,
  author =	 {Hermann Weyl},
  year =	 1927,
  title =	 {Philosophie der {M}athematik und
                  {N}aturwissenschaft},
  publisher =	 {Oldenbourg},
  address =	 {Munich},
  note =	 {Augmented and revised {E}nglish translation by Olaf
                  Helmer, \emph{Philosophy of Mathematics and Natural
                  Science} (Princeton: Princeton University Press,
                  1949)}
}

@Article{Weyl1928,
  author =	 {Hermann Weyl},
  year =	 1928,
  title =	 {Diskussionsbemerkungen zu dem zweiten {H}ilbertschen
                  {V}ortrag \"uber die {G}rundlagen der {M}athematik},
  journal =	 {Abhandlungen aus dem Mathematischen Seminar der
                  Universit{\"a}t Hamburg},
  volume =	 6,
  pages =	 {86--88},
  note =	 {{E}nglish translation in
                  \cite[pp.~480-484]{Heijenoort1967}},
  englishtitle = {Comments on {H}ilbert's second lecture on th
                  foundations of mathematics}
}

@Article{Weyl1944,
  author =	 {Hermann Weyl},
  title =	 {David {H}ilbert and his mathematical work},
  journal =	 {Bulletin of the American Mathematical Society},
  year =	 1944,
  volume =	 50,
  pages =	 {612--654}
}

@book{Weyl1968a,
  author =	 {Hermann Weyl},
  year =	 1968,
  title =	 {Gesammelte {A}bhandlungen},
  volume =	 1,
  editor =	 {K. Chandrasekharan},
  publisher =	 {Springer Verlag},
  address =	 {Berlin}
}

@Book{Weyl1968b,
  author =	 {Hermann Weyl},
  editor =	 {K. Chandrsekharan},
  year =	 1968,
  title =	 {Gesammelte {A}bhandlungen},
  volume =	 2,
  publisher =	 {Springer},
  address =	 {Berlin}
}

@Book{Weyl1994,
  author =	 {Hermann Weyl},
  year =	 1994,
  title =	 {The Continuum},
  publisher =	 {Dover},
  address =	 {New York},
  originalyear = 1918
}

@Book{Whitehead1998,
  author =	 {Alfred North Whitehead},
  title =	 {A Treatise on Universal Algebra, with Applications},
  publisher =	 {Cambridge University Press},
  year =	 1898,
  address =	 {Cambridge}
}

@Article{Whitehead1902,
  author =	 {Alfred North Whitehead},
  year =	 1902,
  title =	 {On Cardinal Numbers},
  journal =	 {American Journal of Mathematics},
  volume =	 24,
  pages =	 {367--394}
}

@Article{Whitehead1907,
  author =	 {Alfred North Whitehead},
  title =	 {Introduction logistique \`a la g\'eom\'etrie},
  journal =	 {Revue de M\'etaphysique et de Morale},
  year =	 1907,
  volume =	 15,
  pages =	 {34--39}
}

@Article{Wittgenstein1921,
  author =	 {Ludwig Wittgenstein},
  title =	 {Logisch-philosophische {A}bhandlung},
  journal =	 {Annalen f\"ur Naturphilosophie},
  year =	 1921,
  volume =	 14,
  pages =	 {198--262},
  note =	 {Reprinted with {E}nglish translation in
                  \cite{Wittgenstein1922}}
}

@Book{Wittgenstein1922,
  author =	 {Ludwig Wittgenstein},
  title =	 {Tractatus logico-philosophicus},
  publisher =	 {Kegan Paul},
  year =	 1922,
  address =	 {London}
}

@Book{Wolenski1989,
  author =	 {Jan Wole{\'n}ski},
  title =	 {Logic and Philosophy in the {\L}vov-{W}arsaw School},
  publisher =	 {Kluwer},
  address =	 {Dordrecht},
  year =	 1989
}

@Article{Wolenski1994,
  author =	 {Jan Wole{\'n}ski},
  title =	 {Jan {{\L}}ukasiewicz on the liar paradox, logical
                  consequence, truth, and induction},
  journal =	 {Modern Logic},
  year =	 1994,
  volume =	 4,
  pages =	 {392--399}
}

@Article{Wolenski1995,
  author =	 {Jan Wole{\'n}ski},
  title =	 {Mathematical logic in {P}oland 1900--1939: people,
                  circles, institutions, ideas},
  journal =	 {Modern Logic},
  volume =	 5,
  year =	 1995,
  pages =	 {363--405}
}

@book{Young1917,
  author =	 {Young, John Wesley},
  title =	 {Lectures on the Fundamental Concepts of Algebra and
                  Geometry},
  publisher =	 {MacMillan},
  address =	 {New York},
  year =	 1917
}

@Article{Zach1999,
  author =	 {Richard Zach},
  title =	 {Completeness before {P}ost: {B}ernays, {H}ilbert,
                  and the development of propositional logic},
  journal =	 {Bulletin of Symbolic Logic},
  year =	 1999,
  volume =	 5,
  number =	 3,
  pages =	 {331--366}
}

@phdthesis{Zach2001,
  author =	 {Richard Zach},
  title =	 {Hilbert's Program. {H}istorical, Philosophical, and
                  Metamathematical Perspectives},
  school =	 {University of California, Berkeley},
  year =	 2001,
  month =	 {May}
}

@Article{Zach2003,
  author =	 {Richard Zach},
  title =	 {The practice of finitism. {E}psilon calculus and
                  consistency proofs in {H}ilbert's {P}rogram},
  journal =	 {Synthese},
  year =	 2003,
  volume =	 137,
  pages =	 {211--259}
}

@Article{Zach2004a,
  author =	 {Richard Zach},
  title =	 {Hilbert's ``{V}erungl\"uckter {B}eweis,'' the first
                  epsilon theorem and consistency proofs},
  journal =	 {History and Philosophy of Logic},
  pages =	 {79--94},
  volume =	 25,
  year =	 2004
}

@InCollection{Zach2004b,
  author =	 {Richard Zach},
  title =	 {Kurt {G}\"odel, paper on the incompleteness theorems
                  (1931)},
  booktitle =	 {Landmark Writings in Mathematics},
  pages =	 {917--925},
  publisher =	 {North-Holland},
  year =	 2004,
  editor =	 {Ivor Grattan-Guinness},
  address =	 {Amsterdam}
}


@InCollection{Zach2003a,
  author =	 {Richard Zach},
  title =	 {Hilbert's Program},
  booktitle =	 {The Stanford Encyclopedia of Philosophy},
  editor =	 {Edward N. Zalta},
  note =
                  {http://plato.stanford.edu/archives/entries/hilbert-program/},
  year =	 2003,
  month =	 {Fall}
}

@incollection{Zach2006,
  author =	 {Richard Zach},
  title =	 {Hilbert's program then and now},
  booktitle =	 {Philosophy of Logic},
  series =	 {Handbook of the Philosophy of Science},
  volume =	 {5},
  editor =	 {Dale Jacquette},
  publisher =	 {North-Holland},
  address =	 {Amsterdam},
  year =	 2006,
  pages =	 {411-447}
}

@Article{Zermelo1904,
  author =	 {Ernst Zermelo},
  title =	 {Beweis, da{\ss} jede {M}enge wohlgeordnet werden
                  kann},
  journal =	 {Mathe\-ma\-tische An\-nalen},
  year =	 1904,
  volume =	 59,
  pages =	 {514--516},
  note =	 {{E}nglish translation in
                  \cite[pp.~139--141]{Heijenoort1967}}
}

@Unpublished{Zermelo1908,
  author =	 {Ernst Zermelo},
  title =	 {Mathematische {L}ogik},
  note =	 {Vorlesung gehalten von Prof. Dr E.~Zermelo zu
                  G\"ottingen im S.S.~1908. Lecture notes by Kurt
                  Grelling. Nachla\ss{} Zermelo, Kapsel~4,
                  Universit\"atsbibliothek Freiburg im Breisgau},
  year =	 1908
}

@Article{Zermelo1908a,
  author =	 {Ernst Zermelo},
  title =	 {Neuer {B}eweis f{\"u}r die {M}\"oglichkeit einer
                  {W}ohlordung},
  journal =	 {Mathe\-ma\-tische An\-nalen},
  year =	 1908,
  volume =	 65,
  pages =	 {107-128},
  note =	 {{E}nglish translation in
                  \cite[pp.~183--198]{Heijenoort1967}}
}

@Article{Zermelo1908b,
  author =	 {Ernst Zermelo},
  title =	 {Untersuchungen \"uber die {G}rundlagen der
                  {M}engenlehre~{I}},
  journal =	 {Mathe\-ma\-tische An\-nalen},
  year =	 1908,
  volume =	 65,
  pages =	 {261-281},
  note =	 {{E}nglish translation in
                  \cite[pp.~199-215]{Heijenoort1967}}
}

@Article{Zermelo1909,
  author =	 {Ernst Zermelo},
  title =	 {Sur les ensembles fini et le principe de l'induction
                  compl\`ete},
  journal =	 {Acta Mathematica},
  year =	 1909,
  volume =	 32,
  pages =	 {185-193}
}

@Article{Zermelo1929,
  author =	 {Ernst Zermelo},
  title =	 {\"{U}ber den {B}egriff der {D}efinitheit in der
                  {A}xiomatik},
  journal =	 {Fundamenta Mathematicae},
  year =	 1929,
  volume =	 14,
  pages =	 {339--344}
}

@Article{Zermelo1930,
  author =	 {Ernst Zermelo},
  title =	 {\"{U}ber {G}renzzahlen und {M}engenbereiche: {N}eue
                  {U}ntersuchungen \"uber die {G}rundlagen der
                  {M}engenlehre},
  journal =	 {Fundamenta Mathematicae},
  year =	 1930,
  volume =	 16,
  pages =	 {29-37}
}

@Article{Zermelo1931,
  author =	 {Ernst Zermelo},
  title =	 {\"{U}ber die {S}tufen der {Q}uantifikation und die
                  {L}ogik des {U}ndendlichen},
  journal =	 {Jahres\-bericht der Deut\-schen
                  Mathe\-matiker-Ver\-eini\-gung},
  year =	 1931,
  volume =	 41,
  pages =	 {85--88}
}

@Article{Zygmunt1973,
  author =	 {Zygmunt, Jan},
  year =	 1973,
  title =	 {On the sources of the notion of reduced product},
  journal =	 {Reports on Mathematical Logic},
  volume =	 1,
  pages =	 {53--67}
}

@Article{Zygmunt1990,
  author =	 {Jan Zygmunt},
  title =	 {Moj\.zes {P}resburger: Life and Work},
  journal =	 {History and Philosophy of Logic},
  year =	 1990,
  volume =	 12,
  pages =	 {211--223}
}

@Book{Aspray1988,
  editor =	 {William Aspray and Philip Kitcher},
  year =	 1988,
  title =	 {History and Philosophy of Modern Mathematics},
  booktitle =	 {History and Philosophy of Modern Mathematics},
  series =	 {Minnesota Studies in the Philosophy of Science 11},
  publisher =	 {University of Minnesota Press},
  address =	 {Minneapolis}
}

@Book{Gonseth1941,
  editor =	 {Ferdinand Gonseth},
  year =	 1941,
  title =	 {Les Entretiens de Zurich sur les Fondaments et la
                  M\'ethode des Sciences Mathematiques. 6--9 December
                  1938},
  booktitle =	 {Les Entretiens de Zurich sur les Fondaments et la
                  M\'ethode des Sciences Mathematiques. 6--9 December
                  1938},
  publisher =	 {Leemann},
  address =	 {Zurich}
}

@Book{Heinzmann1986,
  editor =	 {Gerhard Heinzmann},
  title =	 {Poincar\'{e}, {R}ussell, {Z}ermelo et {P}eano},
  booktitle =	 {Poincar\'{e}, {R}ussell, {Z}ermelo et {P}eano},
  publisher =	 {Albert Blanchard},
  year =	 1986,
  address =	 {Paris}
}

@book{Barwise1977,
  editor =	 {Jon Barwise},
  year =	 1977,
  title =	 {Handbook of Mathematical Logic},
  booktitle =	 {Handbook of Mathematical Logic},
  publisher =	 {North-Holland},
  address =	 {Amsterdam}
}

@Book{Benacerraf1983,
  editor =	 {Paul Benacerraf and Hilary Putnam},
  year =	 1983,
  title =	 {Philosophy of Mathematics},
  booktitle =	 {Philosophy of Mathematics},
  edition =	 {2nd},
  publisher =	 {Cambridge University Press},
  address =	 {Cambridge}
}

@Article{Buss1994,
  author =	 {Samuel R. Buss},
  title =	 {On {G}\"odel's theorems on lengths of proofs~{I}:
                  Number of lines and speedups for arithmetic},
  journal =	 {Journal of Symbolic Logic},
  year =	 1994,
  volume =	 39,
  pages =	 {737--756}
}

@InCollection{Buss1995,
  author =	 {Samuel R. Buss},
  title =	 {On {G}\"odel's theorems on lengths of proofs {II}:
                  Lower bounds for recognizing $k$ symbol provability},
  booktitle =	 {Feasible Mathematics II},
  pages =	 {57--90},
  publisher =	 {Birkh\"auser},
  year =	 1995,
  editor =	 {P. Clote and J. Remmel},
  address =	 {Basel}
}

@Book{Buss1998,
  editor =	 {Samuel R. Buss},
  title =	 {Handbook of Proof Theory},
  publisher =	 {Elsevier},
  year =	 1998,
  address =	 {Amsterdam}
}

@Book{Marion1995,
  editor =	 {M. Marion and R. S. Cohen},
  year =	 1995,
  title =	 {Quebec Studies in the Philosophy of Science},
  booktitle =	 {Quebec Studies in the Philosophy of Science},
  volume =	 1,
  publisher =	 {Kluwer},
  address =	 {Dordrecht}
}

@Book{Godel1986,
  author =	 {Kurt G{\"o}del},
  editor =	 {Solomon Feferman and others},
  year =	 1986,
  title =	 {{C}ollected Works},
  booktitle =	 {{C}ollected Works},
  volume =	 1,
  publisher =	 {Oxford University Press},
  address =	 {Oxford}
}

@Book{Godel1990,
  author =	 {Kurt G{\"o}del},
  editor =	 {Solomon Feferman and others},
  year =	 1990,
  title =	 {{C}ollected Works},
  booktitle =	 {{C}ollected Works},
  volume =	 2,
  publisher =	 {Oxford University Press},
  address =	 {Oxford}
}

@Book{Godel1995,
  author =	 {Kurt G{\"o}del},
  editor =	 {Solomon Feferman and others},
  year =	 1995,
  title =	 {{C}ollected Works},
  booktitle =	 {{C}ollected Works},
  volume =	 3,
  publisher =	 {Oxford University Press},
  address =	 {Oxford}
}

@Book{Godel2003,
  author =	 {Kurt G{\"o}del},
  editor =	 {Solomon Feferman and others},
  year =	 2003,
  title =	 {{C}ollected Works},
  booktitle =	 {{C}ollected Works},
  volume =	 4,
  publisher =	 {Oxford University Press},
  address =	 {Oxford}
}

@Book{Godel2003a,
  author =	 {Kurt G{\"o}del},
  editor =	 {Solomon Feferman and others},
  year =	 2003,
  title =	 {{C}ollected Works},
  booktitle =	 {{C}ollected Works},
  volume =	 5,
  publisher =	 {Oxford University Press},
  address =	 {Oxford}
}

@book{Herken1995,
  editor =	 {Herken, Rolf},
  title =	 {The Universal {T}uring Machine: {A} Half-century Survey},
  year =	 1995,
  edition =	 {2nd},
  isbn =	 {3-211-82637-8},
  publisher =	 {Springer},
  address =	 {Secaucus, NJ, USA},
} 

@book{Davis1965,
  editor =	 {Martin Davis},
  title =	 {The Undecidable: {B}asic Papers on Undecidable
                  Propositions, Unsolvable Problems and Computable
                  Functions},
  publisher =	 {Raven Press},
  address =	 {Hewlett, NY},
  year =	 1965
}

@book{feferman2004,
  title={Alfred Tarski: Life and Logic},
  author={Feferman, Anita and Feferman, Solomon},
  year={2004},
  publisher={Cambridge University Press},
  address={Cambridge}
}
